<?xml version="1.0" encoding="UTF-8"?>
<!DOCTYPE html PUBLIC "-//W3C//DTD XHTML 1.0 Transitional//EN"
    "http://www.w3.org/TR/xhtml1/DTD/xhtml1-transitional.dtd">
<html xmlns="http://www.w3.org/1999/xhtml" xml:lang="en" lang="en">
 <head>
  <title>
</title>
<meta http-equiv="Content-Type" content="text/html;charset=utf-8" />
  <meta name='ocr-system' content='tesseract 3.04.00' />
  <meta name='ocr-capabilities' content='ocr_page ocr_carea ocr_par ocr_line ocrx_word'/>
</head>
<body>
  <div class='ocr_page' id='page_1' title='image "./pammachius00boltgoog_0108.png"; bbox 0 0 2824 4196; ppageno 0'>
   <div class='ocr_carea' id='block_1_1' title="bbox 281 196 1044 266">
    <p class='ocr_par' dir='ltr' id='par_1_1' title="bbox 281 196 1044 266">
     <span class='ocr_line' id='line_1_1' title="bbox 281 196 1044 266; baseline 0.001 -13"><span class='ocrx_word' id='word_1_1' title='bbox 281 197 318 253; x_wconf 76' lang='lat'>72</span> <span class='ocrx_word' id='word_1_2' title='bbox 485 207 698 266; x_wconf 69' lang='lat' dir='ltr'>uncanonavs</span> <span class='ocrx_word' id='word_1_3' title='bbox 720 207 926 252; x_wconf 72' lang='lat' dir='ltr'>ranuncmvs.</span> <span class='ocrx_word' id='word_1_4' title='bbox 952 196 990 265; x_wconf 86' lang='grc' dir='ltr'>ΙΙ,</span> <span class='ocrx_word' id='word_1_5' title='bbox 1016 197 1044 254; x_wconf 87' lang='grc'>6.</span> 
     </span>
    </p>
   </div>
   <div class='ocr_carea' id='block_1_2' title="bbox 547 519 991 578">
    <p class='ocr_par' dir='ltr' id='par_1_2' title="bbox 547 519 991 578">
     <span class='ocr_line' id='line_1_2' title="bbox 547 519 991 578; baseline -0.007 0"><span class='ocrx_word' id='word_1_6' title='bbox 547 520 669 578; x_wconf 85' lang='lat' dir='ltr'><strong>ACTVS</strong></span> <span class='ocrx_word' id='word_1_7' title='bbox 693 521 730 576; x_wconf 88' lang='grc' dir='ltr'>ΙΙ.</span> <span class='ocrx_word' id='word_1_8' title='bbox 777 519 904 577; x_wconf 73' lang='lat' dir='ltr'>Souna</span> <span class='ocrx_word' id='word_1_9' title='bbox 929 520 991 576; x_wconf 91' lang='lat' dir='ltr'>VI.·</span> 
     </span>
    </p>
   </div>
   <div class='ocr_carea' id='block_1_3' title="bbox 412 657 1122 730">
    <p class='ocr_par' dir='ltr' id='par_1_3' title="bbox 412 657 1122 730">
     <span class='ocr_line' id='line_1_3' title="bbox 412 657 1122 730; baseline -0.006 -14"><span class='ocrx_word' id='word_1_10' title='bbox 412 659 640 730; x_wconf 81' lang='lat' dir='ltr'>Porphyrius.</span> <span class='ocrx_word' id='word_1_11' title='bbox 688 657 939 714; x_wconf 83' lang='lat' dir='ltr'>Pammachius</span> <span class='ocrx_word' id='word_1_12' title='bbox 984 657 1122 714; x_wconf 82' lang='lat' dir='ltr'>Dromo</span> 
     </span>
    </p>
   </div>
   <div class='ocr_carea' id='block_1_4' title="bbox 275 811 1050 1062">
    <p class='ocr_par' dir='ltr' id='par_1_4' title="bbox 275 811 1050 1062">
     <span class='ocr_line' id='line_1_4' title="bbox 643 811 872 883; baseline -0.009 -15"><span class='ocrx_word' id='word_1_13' title='bbox 643 811 872 883; x_wconf 77' lang='lat' dir='ltr'>Porphyrius</span> 
     </span>
     <span class='ocr_line' id='line_1_5' title="bbox 345 905 1050 979; baseline -0.004 -15"><span class='ocrx_word' id='word_1_14' title='bbox 345 908 458 978; x_wconf 81' lang='lat' dir='ltr'>Adhuc,</span> <span class='ocrx_word' id='word_1_15' title='bbox 483 924 556 979; x_wconf 86' lang='lat' dir='ltr'>quac</span> <span class='ocrx_word' id='word_1_16' title='bbox 579 908 703 978; x_wconf 87' lang='lat' dir='ltr'>quaeris,</span> <span class='ocrx_word' id='word_1_17' title='bbox 729 905 896 962; x_wconf 84' lang='lat' dir='ltr'>ceciderunt</span> <span class='ocrx_word' id='word_1_18' title='bbox 917 905 1050 974; x_wconf 74' lang='lat' dir='ltr'>feliciter,</span> 
     </span>
     <span class='ocr_line' id='line_1_6' title="bbox 275 999 1004 1062; baseline -0.011 1"><span class='ocrx_word' id='word_1_19' title='bbox 275 1021 330 1062; x_wconf 79' lang='lat' dir='ltr'>raro</span> <span class='ocrx_word' id='word_1_20' title='bbox 345 1003 386 1059; x_wconf 86' lang='lat' dir='ltr'>Et</span> <span class='ocrx_word' id='word_1_21' title='bbox 408 1003 438 1058; x_wconf 93' lang='lat' dir='ltr'>in</span> <span class='ocrx_word' id='word_1_22' title='bbox 454 1002 565 1059; x_wconf 88' lang='lat' dir='ltr'>cunctis</span> <span class='ocrx_word' id='word_1_23' title='bbox 589 1001 707 1058; x_wconf 90' lang='lat' dir='ltr'>adiutor</span> <span class='ocrx_word' id='word_1_24' title='bbox 729 1000 782 1056; x_wconf 89' lang='lat' dir='ltr'>tibi</span> <span class='ocrx_word' id='word_1_25' title='bbox 806 1017 931 1056; x_wconf 93' lang='lat' dir='ltr'>summus</span> <span class='ocrx_word' id='word_1_26' title='bbox 955 999 1004 1056; x_wconf 87' lang='lat' dir='ltr'>fui.</span> 
     </span>
    </p>
   </div>
   <div class='ocr_carea' id='block_1_5' title="bbox 345 1113 1153 1290">
    <p class='ocr_par' dir='ltr' id='par_1_5' title="bbox 345 1113 1153 1290">
     <span class='ocr_line' id='line_1_7' title="bbox 637 1113 886 1170; baseline -0.016 0"><span class='ocrx_word' id='word_1_27' title='bbox 637 1113 886 1170; x_wconf 88' lang='lat' dir='ltr'>Pammachius.</span> 
     </span>
     <span class='ocr_line' id='line_1_8' title="bbox 345 1205 1153 1290; baseline -0.004 -26"><span class='ocrx_word' id='word_1_28' title='bbox 345 1207 476 1265; x_wconf 84' lang='lat' dir='ltr'>Gratiam</span> <span class='ocrx_word' id='word_1_29' title='bbox 499 1207 603 1264; x_wconf 88' lang='lat' dir='ltr'>habco.</span> <span class='ocrx_word' id='word_1_30' title='bbox 628 1207 686 1264; x_wconf 87' lang='lat' dir='ltr'>Sed</span> <span class='ocrx_word' id='word_1_31' title='bbox 709 1225 795 1264; x_wconf 94' lang='lat' dir='ltr'>unum</span> <span class='ocrx_word' id='word_1_32' title='bbox 819 1207 889 1262; x_wconf 93' lang='lat' dir='ltr'>mibi</span> <span class='ocrx_word' id='word_1_33' title='bbox 912 1206 1064 1290; x_wconf 90' lang='lat' dir='ltr'>molestum</span> <span class='ocrx_word' id='word_1_34' title='bbox 1087 1205 1153 1262; x_wconf 89' lang='lat' dir='ltr'>fuit.</span> 
     </span>
    </p>
   </div>
   <div class='ocr_carea' id='block_1_6' title="bbox 275 1311 1044 1486">
    <p class='ocr_par' dir='ltr' id='par_1_6' title="bbox 275 1311 1044 1486">
     <span class='ocr_line' id='line_1_9' title="bbox 275 1311 875 1390; baseline 0.003 -18"><span class='ocrx_word' id='word_1_35' title='bbox 275 1331 341 1384; x_wconf 74' lang='lat' dir='ltr'>[rra]</span> <span class='ocrx_word' id='word_1_36' title='bbox 647 1311 875 1390; x_wconf 83' lang='lat' dir='ltr'>Porphyrius</span> 
     </span>
     <span class='ocr_line' id='line_1_10' title="bbox 345 1410 1044 1486; baseline -0.003 -16"><span class='ocrx_word' id='word_1_37' title='bbox 345 1414 482 1486; x_wconf 78' lang='lat' dir='ltr'>Nunquid</span> <span class='ocrx_word' id='word_1_38' title='bbox 503 1414 623 1486; x_wconf 86' lang='lat' dir='ltr'>peccavi</span> <span class='ocrx_word' id='word_1_39' title='bbox 646 1430 709 1486; x_wconf 82' lang='lat' dir='ltr'>ego,</span> <span class='ocrx_word' id='word_1_40' title='bbox 734 1419 819 1484; x_wconf 87' lang='lat' dir='ltr'>pater</span> <span class='ocrx_word' id='word_1_41' title='bbox 842 1410 1044 1470; x_wconf 76' lang='lat' dir='ltr'>sanctissime?</span> 
     </span>
    </p>
   </div>
   <div class='ocr_carea' id='block_1_7' title="bbox 343 1526 1040 1994">
    <p class='ocr_par' dir='ltr' id='par_1_7' title="bbox 636 1526 885 1583">
     <span class='ocr_line' id='line_1_11' title="bbox 636 1526 885 1583; baseline -0.004 -1"><span class='ocrx_word' id='word_1_42' title='bbox 636 1526 885 1583; x_wconf 88' lang='lat' dir='ltr'>Pammachius.</span> 
     </span>
    </p>

    <p class='ocr_par' dir='ltr' id='par_1_8' title="bbox 343 1619 1040 1803">
     <span class='ocr_line' id='line_1_12' title="bbox 343 1619 1040 1693; baseline -0.001 -17"><span class='ocrx_word' id='word_1_43' title='bbox 343 1621 418 1688; x_wconf 86' lang='lat' dir='ltr'>Alia,</span> <span class='ocrx_word' id='word_1_44' title='bbox 443 1639 527 1693; x_wconf 84' lang='lat' dir='ltr'>quam</span> <span class='ocrx_word' id='word_1_45' title='bbox 551 1638 623 1692; x_wconf 84' lang='lat' dir='ltr'>quac</span> <span class='ocrx_word' id='word_1_46' title='bbox 647 1619 756 1688; x_wconf 80' lang='lat' dir='ltr'>dixisti,</span> <span class='ocrx_word' id='word_1_47' title='bbox 781 1621 878 1676; x_wconf 87' lang='lat' dir='ltr'>dicere</span> <span class='ocrx_word' id='word_1_48' title='bbox 902 1620 1040 1691; x_wconf 87' lang='lat' dir='ltr'>oportuit.</span> 
     </span>
     <span class='ocr_line' id='line_1_13' title="bbox 645 1731 874 1803; baseline -0.004 -15"><span class='ocrx_word' id='word_1_49' title='bbox 645 1731 874 1803; x_wconf 84' lang='lat' dir='ltr'>Porphyrius.</span> 
     </span>
    </p>

    <p class='ocr_par' dir='ltr' id='par_1_9' title="bbox 344 1824 886 1994">
     <span class='ocr_line' id='line_1_14' title="bbox 344 1824 444 1896; baseline -0.02 -12"><span class='ocrx_word' id='word_1_50' title='bbox 344 1824 444 1896; x_wconf 79' lang='lat' dir='ltr'>Quae?</span> 
     </span>
     <span class='ocr_line' id='line_1_15' title="bbox 634 1937 886 1994; baseline 0 -2"><span class='ocrx_word' id='word_1_51' title='bbox 634 1937 886 1994; x_wconf 77' lang='lat' dir='ltr'>Pammachius.</span> 
     </span>
    </p>
   </div>
   <div class='ocr_carea' id='block_1_8' title="bbox 271 2031 1246 2184">
    <p class='ocr_par' dir='ltr' id='par_1_10' title="bbox 271 2031 1246 2184">
     <span class='ocr_line' id='line_1_16' title="bbox 415 2031 1246 2104; baseline 0.001 -17"><span class='ocrx_word' id='word_1_52' title='bbox 415 2031 506 2101; x_wconf 88' lang='lat' dir='ltr'>Bona,</span> <span class='ocrx_word' id='word_1_53' title='bbox 531 2049 589 2089; x_wconf 93' lang='lat' dir='ltr'>non</span> <span class='ocrx_word' id='word_1_54' title='bbox 612 2033 696 2088; x_wconf 88' lang='lat' dir='ltr'>mala.</span> <span class='ocrx_word' id='word_1_55' title='bbox 722 2031 780 2088; x_wconf 83' lang='lat' dir='ltr'>Sed</span> <span class='ocrx_word' id='word_1_56' title='bbox 803 2033 827 2088; x_wconf 93' lang='lat' dir='ltr'>si</span> <span class='ocrx_word' id='word_1_57' title='bbox 851 2032 919 2104; x_wconf 85' lang='lat' dir='ltr'>quid</span> <span class='ocrx_word' id='word_1_58' title='bbox 942 2032 1012 2088; x_wconf 93' lang='lat' dir='ltr'>mihi</span> <span class='ocrx_word' id='word_1_59' title='bbox 1035 2032 1145 2089; x_wconf 86' lang='lat' dir='ltr'>inesset</span> <span class='ocrx_word' id='word_1_60' title='bbox 1167 2033 1246 2100; x_wconf 83' lang='lat' dir='ltr'>ninii,</span> 
     </span>
     <span class='ocr_line' id='line_1_17' title="bbox 271 2125 596 2184; baseline -0.006 0"><span class='ocrx_word' id='word_1_61' title='bbox 271 2143 327 2184; x_wconf 77' lang='lat'>1575</span> <span class='ocrx_word' id='word_1_62' title='bbox 342 2125 508 2182; x_wconf 80' lang='lat' dir='ltr'>Tacendum</span> <span class='ocrx_word' id='word_1_63' title='bbox 527 2131 596 2182; x_wconf 86' lang='lat' dir='ltr'>crat</span> 
     </span>
    </p>
   </div>
   <div class='ocr_carea' id='block_1_9' title="bbox 267 2237 1198 3264">
    <p class='ocr_par' dir='ltr' id='par_1_11' title="bbox 645 2237 874 2308">
     <span class='ocr_line' id='line_1_18' title="bbox 645 2237 874 2308; baseline 0.009 -16"><span class='ocrx_word' id='word_1_64' title='bbox 645 2237 874 2308; x_wconf 77' lang='lat' dir='ltr'>Porphyrius</span> 
     </span>
    </p>

    <p class='ocr_par' dir='ltr' id='par_1_12' title="bbox 340 2339 1198 2790">
     <span class='ocr_line' id='line_1_19' title="bbox 626 2339 1093 2412; baseline 0.004 -16"><span class='ocrx_word' id='word_1_65' title='bbox 626 2339 649 2396; x_wconf 91' lang='grc'><strong>0</strong></span> <span class='ocrx_word' id='word_1_66' title='bbox 674 2358 763 2408; x_wconf 86' lang='lat' dir='ltr'>erras,</span> <span class='ocrx_word' id='word_1_67' title='bbox 787 2347 880 2412; x_wconf 90' lang='lat' dir='ltr'>pater.</span> <span class='ocrx_word' id='word_1_68' title='bbox 906 2341 972 2398; x_wconf 80' lang='lat' dir='ltr'>Non</span> <span class='ocrx_word' id='word_1_69' title='bbox 996 2341 1093 2398; x_wconf 89' lang='lat' dir='ltr'>onmia</span> 
     </span>
     <span class='ocr_line' id='line_1_20' title="bbox 342 2434 1198 2507; baseline 0 -17"><span class='ocrx_word' id='word_1_70' title='bbox 342 2435 428 2505; x_wconf 80' lang='lat' dir='ltr'>Apud</span> <span class='ocrx_word' id='word_1_71' title='bbox 452 2452 551 2491; x_wconf 89' lang='lat' dir='ltr'>ornnes</span> <span class='ocrx_word' id='word_1_72' title='bbox 576 2440 642 2491; x_wconf 90' lang='lat' dir='ltr'>sunt</span> <span class='ocrx_word' id='word_1_73' title='bbox 664 2434 819 2492; x_wconf 88' lang='lat' dir='ltr'>laudanda.</span> <span class='ocrx_word' id='word_1_74' title='bbox 845 2435 902 2493; x_wconf 85' lang='lat' dir='ltr'>Sed</span> <span class='ocrx_word' id='word_1_75' title='bbox 926 2436 974 2507; x_wconf 88' lang='lat' dir='ltr'>qui</span> <span class='ocrx_word' id='word_1_76' title='bbox 998 2441 1043 2492; x_wconf 89' lang='lat' dir='ltr'>est</span> <span class='ocrx_word' id='word_1_77' title='bbox 1066 2434 1198 2502; x_wconf 72' lang='lat' dir='ltr'>callidus</span> 
     </span>
     <span class='ocr_line' id='line_1_21' title="bbox 341 2529 951 2602; baseline 0.005 -18"><span class='ocrx_word' id='word_1_78' title='bbox 341 2529 485 2586; x_wconf 82' lang='lat' dir='ltr'>Personas</span> <span class='ocrx_word' id='word_1_79' title='bbox 510 2529 678 2586; x_wconf 85' lang='lat' dir='ltr'>observabit</span> <span class='ocrx_word' id='word_1_80' title='bbox 701 2535 787 2601; x_wconf 82' lang='lat' dir='ltr'>atque</span> <span class='ocrx_word' id='word_1_81' title='bbox 810 2536 951 2602; x_wconf 83' lang='lat' dir='ltr'>tempora,</span> 
     </span>
     <span class='ocr_line' id='line_1_22' title="bbox 340 2623 1140 2696; baseline 0 -17"><span class='ocrx_word' id='word_1_82' title='bbox 340 2623 384 2680; x_wconf 81' lang='lat' dir='ltr'>Nc</span> <span class='ocrx_word' id='word_1_83' title='bbox 407 2623 507 2681; x_wconf 88' lang='lat' dir='ltr'>forsan</span> <span class='ocrx_word' id='word_1_84' title='bbox 530 2623 637 2693; x_wconf 87' lang='lat' dir='ltr'>laudet,</span> <span class='ocrx_word' id='word_1_85' title='bbox 663 2624 740 2696; x_wconf 90' lang='lat' dir='ltr'>quod</span> <span class='ocrx_word' id='word_1_86' title='bbox 762 2626 912 2681; x_wconf 89' lang='lat' dir='ltr'>laudatum</span> <span class='ocrx_word' id='word_1_87' title='bbox 935 2624 1140 2681; x_wconf 87' lang='lat' dir='ltr'>incommodet.</span> 
     </span>
     <span class='ocr_line' id='line_1_23' title="bbox 340 2718 1103 2790; baseline 0 -16"><span class='ocrx_word' id='word_1_88' title='bbox 340 2718 438 2787; x_wconf 87' lang='lat' dir='ltr'>Aliud,</span> <span class='ocrx_word' id='word_1_89' title='bbox 462 2724 495 2775; x_wconf 92' lang='lat' dir='ltr'>ut</span> <span class='ocrx_word' id='word_1_90' title='bbox 518 2719 583 2786; x_wconf 75' lang='lat' dir='ltr'>scis</span> <span class='ocrx_word' id='word_1_91' title='bbox 609 2736 728 2790; x_wconf 83' lang='lat' dir='ltr'>regnum</span> <span class='ocrx_word' id='word_1_92' title='bbox 752 2720 824 2776; x_wconf 90' lang='lat' dir='ltr'>alios</span> <span class='ocrx_word' id='word_1_93' title='bbox 847 2736 942 2776; x_wconf 90' lang='lat' dir='ltr'>mores</span> <span class='ocrx_word' id='word_1_94' title='bbox 966 2719 1103 2790; x_wconf 88' lang='lat' dir='ltr'>postulat.</span> 
     </span>
    </p>

    <p class='ocr_par' dir='ltr' id='par_1_13' title="bbox 267 2812 1055 2884">
     <span class='ocr_line' id='line_1_24' title="bbox 267 2812 1055 2884; baseline -0.001 -14"><span class='ocrx_word' id='word_1_95' title='bbox 267 2830 323 2870; x_wconf 76' lang='lat' dir='ltr'>raso</span> <span class='ocrx_word' id='word_1_96' title='bbox 339 2812 373 2870; x_wconf 91' lang='lat' dir='ltr'>In</span> <span class='ocrx_word' id='word_1_97' title='bbox 395 2812 521 2870; x_wconf 84' lang='lat' dir='ltr'>Satanae</span> <span class='ocrx_word' id='word_1_98' title='bbox 544 2830 633 2884; x_wconf 80' lang='lat' dir='ltr'>regno</span> <span class='ocrx_word' id='word_1_99' title='bbox 657 2813 705 2868; x_wconf 84' lang='lat' dir='ltr'>vix</span> <span class='ocrx_word' id='word_1_100' title='bbox 728 2813 968 2870; x_wconf 84' lang='lat' dir='ltr'>commendantur</span> <span class='ocrx_word' id='word_1_101' title='bbox 990 2813 1055 2881; x_wconf 89' lang='lat' dir='ltr'>alia,</span> 
     </span>
    </p>

    <p class='ocr_par' dir='ltr' id='par_1_14' title="bbox 338 2907 1100 3264">
     <span class='ocr_line' id='line_1_25' title="bbox 340 2907 1046 2979; baseline -0.001 -15"><span class='ocrx_word' id='word_1_102' title='bbox 340 2907 432 2976; x_wconf 74' lang='lat' dir='ltr'>Quam</span> <span class='ocrx_word' id='word_1_103' title='bbox 456 2909 479 2964; x_wconf 89' lang='lat' dir='ltr'>si</span> <span class='ocrx_word' id='word_1_104' title='bbox 503 2909 542 2964; x_wconf 90' lang='lat' dir='ltr'>sis</span> <span class='ocrx_word' id='word_1_105' title='bbox 565 2907 728 2979; x_wconf 82' lang='lat' dir='ltr'>flagitiosus</span> <span class='ocrx_word' id='word_1_106' title='bbox 753 2914 782 2964; x_wconf 88' lang='lat' dir='ltr'>ct</span> <span class='ocrx_word' id='word_1_107' title='bbox 805 2909 920 2979; x_wconf 80' lang='lat' dir='ltr'>egregie</span> <span class='ocrx_word' id='word_1_108' title='bbox 944 2908 1046 2965; x_wconf 90' lang='lat' dir='ltr'>scelus.</span> 
     </span>
     <span class='ocr_line' id='line_1_26' title="bbox 341 3001 1075 3074; baseline 0.001 -16"><span class='ocrx_word' id='word_1_109' title='bbox 341 3002 399 3059; x_wconf 84' lang='lat' dir='ltr'>Sed</span> <span class='ocrx_word' id='word_1_110' title='bbox 421 3004 554 3071; x_wconf 87' lang='lat' dir='ltr'>mentiar,</span> <span class='ocrx_word' id='word_1_111' title='bbox 579 3003 604 3059; x_wconf 91' lang='lat' dir='ltr'>si</span> <span class='ocrx_word' id='word_1_112' title='bbox 626 3019 685 3058; x_wconf 91' lang='lat' dir='ltr'>non</span> <span class='ocrx_word' id='word_1_113' title='bbox 707 3003 769 3058; x_wconf 88' lang='lat' dir='ltr'>iaus</span> <span class='ocrx_word' id='word_1_114' title='bbox 793 3020 857 3058; x_wconf 89' lang='lat' dir='ltr'>mea</span> <span class='ocrx_word' id='word_1_115' title='bbox 880 3002 934 3058; x_wconf 93' lang='lat' dir='ltr'>tibi</span> <span class='ocrx_word' id='word_1_116' title='bbox 956 3001 1075 3074; x_wconf 88' lang='lat' dir='ltr'>profuit,</span> 
     </span>
     <span class='ocr_line' id='line_1_27' title="bbox 338 3096 1100 3170; baseline -0.003 -16"><span class='ocrx_word' id='word_1_117' title='bbox 338 3098 377 3153; x_wconf 87' lang='lat' dir='ltr'>vt</span> <span class='ocrx_word' id='word_1_118' title='bbox 398 3099 472 3154; x_wconf 90' lang='lat' dir='ltr'>tanti</span> <span class='ocrx_word' id='word_1_119' title='bbox 495 3097 573 3170; x_wconf 85' lang='lat' dir='ltr'>apud</span> <span class='ocrx_word' id='word_1_120' title='bbox 596 3096 734 3154; x_wconf 86' lang='lat' dir='ltr'>Satanam</span> <span class='ocrx_word' id='word_1_121' title='bbox 757 3096 884 3154; x_wconf 87' lang='lat' dir='ltr'>habeare</span> <span class='ocrx_word' id='word_1_122' title='bbox 908 3097 989 3154; x_wconf 85' lang='lat' dir='ltr'>etin</span> <span class='ocrx_word' id='word_1_123' title='bbox 1013 3101 1100 3168; x_wconf 87' lang='lat' dir='ltr'>caput</span> 
     </span>
     <span class='ocr_line' id='line_1_28' title="bbox 339 3191 1001 3264; baseline 0 -15"><span class='ocrx_word' id='word_1_124' title='bbox 339 3193 516 3264; x_wconf 89' lang='lat' dir='ltr'>Populorum</span> <span class='ocrx_word' id='word_1_125' title='bbox 539 3193 617 3250; x_wconf 91' lang='lat' dir='ltr'>solus</span> <span class='ocrx_word' id='word_1_126' title='bbox 642 3194 680 3250; x_wconf 90' lang='lat' dir='ltr'>sis</span> <span class='ocrx_word' id='word_1_127' title='bbox 705 3191 841 3248; x_wconf 87' lang='lat' dir='ltr'>suffectus</span> <span class='ocrx_word' id='word_1_128' title='bbox 866 3192 1001 3248; x_wconf 93' lang='lat' dir='ltr'>omnium.</span> 
     </span>
    </p>
   </div>
   <div class='ocr_carea' id='block_1_10' title="bbox 266 3313 1243 3670">
    <p class='ocr_par' dir='ltr' id='par_1_15' title="bbox 266 3313 1243 3670">
     <span class='ocr_line' id='line_1_29' title="bbox 626 3313 878 3370; baseline -0.004 -1"><span class='ocrx_word' id='word_1_129' title='bbox 626 3313 878 3370; x_wconf 84' lang='lat' dir='ltr'>Pammachius</span> 
     </span>
     <span class='ocr_line' id='line_1_30' title="bbox 266 3407 1243 3480; baseline -0.003 -13"><span class='ocrx_word' id='word_1_130' title='bbox 266 3427 323 3468; x_wconf 76' lang='lat' dir='ltr'>raas</span> <span class='ocrx_word' id='word_1_131' title='bbox 338 3409 438 3466; x_wconf 88' lang='lat' dir='ltr'>Recte.</span> <span class='ocrx_word' id='word_1_132' title='bbox 464 3408 546 3465; x_wconf 86' lang='lat' dir='ltr'>Haec</span> <span class='ocrx_word' id='word_1_133' title='bbox 568 3409 725 3465; x_wconf 84' lang='lat' dir='ltr'>mittamus</span> <span class='ocrx_word' id='word_1_134' title='bbox 750 3407 821 3464; x_wconf 88' lang='lat' dir='ltr'>Mox</span> <span class='ocrx_word' id='word_1_135' title='bbox 846 3407 1015 3465; x_wconf 85' lang='lat' dir='ltr'>cathedram</span> <span class='ocrx_word' id='word_1_136' title='bbox 1039 3407 1109 3464; x_wconf 92' lang='lat' dir='ltr'>mihi</span> <span class='ocrx_word' id='word_1_137' title='bbox 1132 3409 1243 3480; x_wconf 84' lang='lat' dir='ltr'>regiam</span> 
     </span>
     <span class='ocr_line' id='line_1_31' title="bbox 338 3502 1014 3574; baseline 0 -15"><span class='ocrx_word' id='word_1_138' title='bbox 338 3503 441 3560; x_wconf 87' lang='lat' dir='ltr'>Parari</span> <span class='ocrx_word' id='word_1_139' title='bbox 465 3521 529 3560; x_wconf 92' lang='lat' dir='ltr'>cum</span> <span class='ocrx_word' id='word_1_140' title='bbox 552 3503 659 3574; x_wconf 86' lang='lat' dir='ltr'>triplici</span> <span class='ocrx_word' id='word_1_141' title='bbox 683 3519 792 3559; x_wconf 91' lang='lat' dir='ltr'>corona</span> <span class='ocrx_word' id='word_1_142' title='bbox 813 3502 959 3572; x_wconf 82' lang='lat' dir='ltr'>praecipe,</span> <span class='ocrx_word' id='word_1_143' title='bbox 985 3509 1014 3560; x_wconf 87' lang='lat' dir='ltr'>et</span> 
     </span>
     <span class='ocr_line' id='line_1_32' title="bbox 340 3597 966 3670; baseline -0.003 -14"><span class='ocrx_word' id='word_1_144' title='bbox 340 3598 466 3656; x_wconf 90' lang='lat' dir='ltr'>Ornatus</span> <span class='ocrx_word' id='word_1_145' title='bbox 493 3616 528 3654; x_wconf 87' lang='lat' dir='ltr'>cx</span> <span class='ocrx_word' id='word_1_146' title='bbox 551 3615 622 3654; x_wconf 91' lang='lat' dir='ltr'>auro</span> <span class='ocrx_word' id='word_1_147' title='bbox 645 3603 766 3670; x_wconf 89' lang='lat' dir='ltr'>paretur</span> <span class='ocrx_word' id='word_1_148' title='bbox 788 3597 966 3668; x_wconf 88' lang='lat' dir='ltr'>splendidus.</span> 
     </span>
    </p>
   </div>
   <div class='ocr_carea' id='block_1_11' title="bbox 0 0 1416 4196">
    <p class='ocr_par' dir='ltr' id='par_1_16' title="bbox 0 0 1416 4196">
     <span class='ocr_line' id='line_1_33' title="bbox 0 0 1416 4196; baseline 0 0"><span class='ocrx_word' id='word_1_149' title='bbox 0 0 1416 4196; x_wconf 95' lang='lat' dir='ltr'> </span> 
     </span>
    </p>
   </div>
  </div>
 </body>
</html>
