2824 4196
287 235 326 292 48
443 243 884 300 uuoouosovs,1²suusomvs.
910 231 932 301 Ι,
958 232 1052 304 6311,
1081 234 1106 289 l.

657 418 885 492 Porphyrius.

354 610 430 682 Quid
453 609 581 667 surrenti
604 607 689 666 addis
713 605 857 666 calearia?

641 719 896 778 Pammachius.

918 814 962 875 Tu
984 830 1122 886 promove

353 911 398 967 Ao
421 908 591 967 commenda
613 925 658 966 me
682 907 817 968 Satanae.
846 908 976 966 Virtutes
1000 925 1079 968 meas

352 1004 456 1062 Narra.
485 1003 594 1076 Magna
617 1003 671 1061 tibi
694 1002 851 1061 habebitur
873 1020 890 1060 a
913 1020 958 1061 me
981 1005 1085 1076 gratia,

281 1118 338 1160 1010
354 1098 440 1171 Apud
462 1115 508 1156 me
530 1098 640 1170 primus
664 1098 731 1155 eris.

656 1209 885 1281 Porphyrius.

765 1303 845 1362 Bene
869 1319 922 1374 ego
945 1320 999 1374 pro
1023 1308 1052 1361 to
1074 1304 1185 1377 loquar.

279 1640 348 1693 [be]
564 1628 688 1687 AOTVS
712 1629 750 1686 ΙΙ.
796 1627 924 1686 SCENA
947 1628 969 1684 I.

465 1766 624 1824 Satanas.
671 1765 822 1822 Veritas.
870 1764 1071 1823 Parrhesia.
1161 1761 1162 1764 ’

687 1918 846 1978 Satanas

349 2023 434 2094 Quod
456 2022 563 2080 mundo
588 2027 617 2080 et
640 2023 737 2094 impiis
760 2021 831 2079 felix
853 2020 1036 2094 faustumque
1060 2023 1107 2093 sit,

349 2117 462 2174 Adsum
483 2115 633 2188 profectus
657 2133 672 2174 e
695 2115 847 2188 profundis
870 2115 1012 2186 manibus

351 2211 495 2269 Gravibus
517 2215 586 2282 post
607 2227 698 2267 anuos
722 2211 799 2268 mille
823 2209 934 2267 solutus
958 2211 1088 2268 vinculis.

351 2305 437 2364 Certe
461 2305 510 2362 diu
534 2304 732 2362 desideratum
754 2321 799 2361 me
823 2305 893 2361 seio.

280 2419 335 2460 1015
350 2400 417 2457 Non
440 2403 544 2456 cuncta
566 2404 689 2470 possunt
712 2396 856 2456 conficere
879 2398 989 2467 vicarii,

348 2494 416 2551 Non
437 2497 536 2550 tantae
560 2497 628 2550 sunt
650 2493 845 2562 auctoritatis
869 2509 923 2550 nee
947 2493 1050 2550 eadem

349 2589 375 2644 A
399 2586 523 2645 subditis
548 2587 623 2644 solet
645 2587 774 2660 impendi
797 2587 970 2644 reverentia.

349 2682 417 2739 Plus
440 2682 508 2738 irati
531 2681 608 2738 valet
631 2685 804 2752 conspectus
827 2681 968 2754 principis

348 2775 441 2846 Quam
463 2775 569 2833 armati
592 2781 743 2833 sescentae
766 2776 869 2832 vicarii
891 2777 994 2833 minae.

279 2888 334 2930 1020
349 2870 431 2928 Idem
454 2871 543 2927 etiam
564 2869 739 2942 permultum
761 2870 894 2942 placatus
916 2875 1076 2942 promovet.

350 2964 490 3022 Serenum
513 2964 642 3036 gaudent
664 2964 772 3022 intueri
794 2965 955 3036 prinoipem

350 3058 390 3115 Et
412 3058 489 3115 servi
512 3062 542 3116 et
565 3058 683 3128 subditi,
709 3076 780 3131 quos
804 3059 882 3116 nulla
906 3059 1033 3115 oriminis

348 3152 439 3210 Tecta
462 3157 512 3210 aut
535 3157 638 3224 aperta
660 3158 747 3210 vexat
770 3153 957 3210 conscientia.

347 3245 445 3304 Istaec
467 3246 545 3318 apud
566 3247 675 3318 probos
699 3251 766 3304 sunt
787 3263 857 3304 vera
879 3248 1034 3318 principes,

278 3359 333 3401 1025
348 3341 436 3412 Apud
458 3340 607 3412 improbos
629 3342 727 3413 magni
749 3340 822 3398 fiunt
845 3341 1004 3410 deterrimi,

349 3435 404 3506 Qui
427 3436 516 3492 etiam
539 3435 569 3492 in
591 3452 680 3508 reguo
703 3435 812 3507 primas
835 3434 941 3508 ubique
963 3440 1064 3493 tonent
1086 3452 1165 3493 mee.

348 3530 409 3588 Illis
433 3546 487 3602 ogo
511 3529 599 3588 hodie
622 3529 770 3602 apparebo
794 3530 1003 3602 optatissimus,

349 3624 403 3682 Cui
424 3641 479 3683 nec
501 3625 564 3682 viso
588 3625 704 3697 quidem
726 3625 784 3682 iam
807 3625 937 3682 serviunt
960 3625 1017 3682 diu.
