2824 4196
350 293 792 352 00000000101100100110.
817 283 869 352 ΙΙΙ,
899 286 928 355 Ι;
954 285 981 340 2.
1111 284 1149 342 87

249 473 288 529 Vt
310 471 429 540 faciam,
461 488 533 543 quae
556 487 601 527 mo
627 469 772 528 facturum
799 488 944 543 nunquam
971 472 1152 528 inanimum

179 585 236 627 1900
251 567 366 624 Induxi.
392 566 513 634 Pendet,
539 566 586 637 qui
610 571 656 622 est
677 582 774 622 rerum
797 566 919 622 istarum
943 565 1042 637 eaput!

250 661 386 732 Sequere,
410 660 527 729 Nestor,
552 676 709 732 pacemque
732 659 817 716 nobis
840 661 978 731 impetres

249 756 295 812 Ab
319 756 378 823 1110,
403 756 449 811 cui
472 755 579 812 misero
603 760 670 811 ante
692 771 794 826 pacem
818 755 926 812 contuli

249 849 290 906 Et
313 850 482 920 despectum
504 849 617 921 magnis
641 849 743 906 ornavi
764 848 933 906 honoribus.

249 943 308 1002 Sed
331 945 450 1002 simulac
474 949 519 1002 est
541 944 699 1012 misertum,
723 944 836 1000 interiit
858 943 962 1026 gratia.

439 1198 562 1255 ACTVS
591 1199 645 1256 III.
696 1198 824 1256 SOENA
851 1199 888 1255 ΙΙ.

469 1335 623 1393 Veritas,
663 1335 864 1392 Parrhesia.

589 1490 742 1547 Veritas.

177 1601 235 1644 1905
250 1585 284 1640 Ιο
307 1585 442 1655 angulum
464 1585 540 1641 hunc
564 1584 748 1641 dextrorsum
771 1584 870 1655 proice
894 1583 1033 1651 sarcinas

250 1679 420 1736 Parrhesia!
445 1678 571 1736 Satanae
595 1695 685 1750 regno
710 1679 796 1736 cedat
817 1679 901 1746 male,

251 1773 336 1842 Quod
359 1774 445 1830 terris
469 1773 590 1830 eicimur
612 1773 699 1830 hodie
727 1789 811 1844 quarn
834 1773 958 1830 maxime

248 1867 290 1924 Et
312 1885 426 1939 semper
448 1868 596 1924 hominum
618 1873 822 1939 promoventes
847 1866 1012 1924 commodat

249 1963 284 2031 A,
309 1979 394 2034 qnam
416 1962 541 2020 libenter
563 1963 637 2018 scire
661 1962 752 2030 velim,
778 1961 846 2033 quid
869 1961 985 2017 interim

179 2075 235 2118 1910
252 2057 378 2114 Geratur
400 2058 477 2114 inter
499 2057 640 2125 homines
666 2073 731 2112 cum
754 2073 799 2113 me
823 2055 968 2113 senserint

176 2161 247 2214 [aab]
269 2151 466 2222 Abscessisse‚
491 2151 593 2222 quibus
618 2150 763 2219 studeant,
788 2167 861 2222 quae
885 2154 1034 2207 sectentur
1056 2165 1094 2207 an

250 2245 407 2318 Quisquam
431 2246 478 2313 sit,
501 2246 664 2302 Veritatem
687 2245 734 2316 qui
758 2244 915 2302 desideret.

564 2365 765 2423 Parrhesia.

248 2461 455 2532 Experiamur,
480 2460 604 2529 domina,
629 2461 814 2532 paulopost,
842 2465 944 2516 nostra
966 2458 1035 2530 quid

249 2556 284 2612 In
307 2556 417 2614 cunctis
440 2555 528 2612 rebus
551 2554 695 2625 profuerit
721 2554 896 2626 praesentia.

589 2676 742 2733 Veritas

178 2789 235 2832 1915
251 2771 336 2840 Quid,
361 2771 386 2827 si
409 2775 502 2827 terras
526 2787 626 2826 rursus
650 2770 748 2838 adeas,
773 2769 938 2836 Parrhesia,
964 2773 993 2826 et

251 2865 372 2922 Intersis
397 2865 483 2922 rebus
507 2862 617 2921 tacite?

563 2975 767 3033 Parrhesia.

610 3070 737 3138 Faciam,
763 3070 788 3126 si
810 3069 902 3126 iubes.

588 3181 743 3238 Veritas

249 3277 380 3349 Mihique
402 3275 543 3347 perferas,
568 3275 636 3347 quid
660 3280 771 3346 agatur,
796 3279 828 3330 ut
851 3275 949 3331 sciam.

563 3386 765 3443 Parrhesia.

251 3481 353 3539 Recte.
377 3563 379 3566 Ι

587 3592 741 3648 Veritas.

334 3688 396 3746 Sed
419 3688 536 3743 intersis
560 3692 685 3756 tantum3
709 3703 745 3741 ne
768 3702 821 3756 gry
845 3683 974 3755 quidem!
