2824 4196
271 215 308 273 oi
470 223 685 284 moerorem,
707 225 913 270 rnunncurvs
937 215 975 283 H,
1000 215 1028 274 1.

540 519 664 577 AOTVS
688 519 726 576 ΙΙ.
772 519 900 577 SCENA
924 519 973 576 IV.

390 659 619 732 Porphyrius.
666 657 920 717 Pammachius.
966 657 1124 717 Satanas.

639 811 871 884 Porphyrius.

269 937 325 980 1345
342 918 428 976 Certe
453 915 564 973 solutus
589 919 642 972 est.
667 914 831 971 Nemeum
855 931 918 972 esse
943 915 1047 986 opinor
1069 916 1098 972 in

269 1078 271 1084 Ι
341 1011 489 1070 Cathedra
512 1009 672 1077 sedentem,
696 1025 823 1078 saevum,
848 1015 1010 1079 cornutum,
1039 1010 1194 1082 hispidum,

268 1118 334 1172 [nra]
355 1106 444 1162 Vultu
466 1104 589 1175 tragico,
614 1103 686 1160 ooiis
709 1102 886 1160 horrendum
908 1101 1124 1162 flammantibus

339 1203 435 1272 Atque
457 1197 600 1267 rotundis,
625 1213 697 1254 naso
721 1197 858 1268 aquilino.
872 1213 906 1264 ao
928 1197 1041 1256 nodoso
1065 1205 1096 1258 et
1118 1217 1169 1260 ore

339 1297 457 1352 Insuete
479 1293 571 1364 largo,
598 1307 720 1370 corpore
744 1295 807 1349 toto
831 1291 979 1348 aternmo.

626 1411 879 1469 Pammachius.

268 1529 323 1572 raso
339 1510 411 1568 Rem
435 1507 540 1580 tangis,
564 1507 589 1563 is
613 1510 666 1563 est.

636 1616 869 1688 Porphyrius,

678 1710 745 1779 Pro,
774 1715 854 1767 totus
877 1711 993 1780 horreo,
1018 1711 1196 1770 Pammachi.

626 1829 879 1887 Pammachius.

339 1928 514 1987 Contemnes
538 1925 702 1997 aspectum!
724 1924 818 1983 Donis
842 1925 975 1997 egregius
999 1931 1052 1984 est.

338 2023 393 2093 Qui
416 2022 569 2078 dumtaxat
592 2020 681 2077 semel
704 2019 780 2076 illius
804 2025 954 2091 aspectum
977 2021 1053 2091 tulit,

336 2117 435 2176 Facile
457 2115 503 2172 vel
527 2115 647 2172 cottidie
669 2113 746 2172 feret
767 2114 846 2172 illum
869 2119 982 2186 postea.

639 2233 867 2304 Porphyrius.

339 2340 406 2408 Sed,
431 2337 609 2406 Pammaohi
637 2337 685 2408 qui
708 2341 775 2392 sunt
798 2334 950 2394 coronati?
971 2334 1086 2396 Viden?

625 2456 879 2514 Pammachius.

267 2575 322 2616 ress
338 2554 431 2626 Regni
454 2568 592 2625 proceres
615 2555 696 2622 puto.

670 2670 830 2729 Satanas.

716 2765 784 2822 Non
806 2771 905 2822 tamen
926 2765 1035 2822 vultum
1059 2766 1204 2824 hosticum

337 2864 411 2920 Prae
435 2879 465 2919 11
489 2860 594 2929 ferunt,
624 2859 676 2917 sed
700 2859 842 2916 demissos
866 2877 900 2917 ao
923 2860 1067 2931 supplices

336 2957 440 3025 Video,
465 2955 548 3028 quasi
571 2954 681 3027 aliquid
703 2954 880 3025 postulaturi
904 2955 987 3012 sient.

336 3051 394 3108 Sed
418 3049 545 3107 audiam.

634 3167 865 3240 Porphyrius.

575 3271 615 3329 Et
637 3271 679 3328 illi
702 3287 787 3344 quam
811 3271 919 3328 similes
943 3277 1011 3327 sunt
1033 3271 1172 3344 principi!

333 3368 380 3425 Ex
403 3367 505 3424 eadem
528 3365 647 3424 fornace
671 3366 790 3422 veniunt
814 3366 947 3422 calearia.
1002 3373 1005 3378 “

334 3619 377 3653 ¹³⁴⁸
394 3619 587 3687 Hypermeter.
