2824 4196
271 227 310 284 84
466 234 678 292 ricemerem,
702 235 908 280 PAMMAOHIVS.
933 223 986 291 ΙΙΙ,
1015 224 1039 278 l.

341 413 397 469 Est
419 410 625 483 propulsanda.
649 411 713 483 Ego
738 429 781 480 eo,
805 415 838 467 ut
861 409 1042 468 conscribam
1064 410 1180 480 milites,

326 506 380 562 'Vt
403 507 521 562 summis
545 504 826 562 contra-seditiosos
849 505 959 562 viribus

271 619 327 662 1830
342 601 514 672 Pugnemus.
539 600 642 657 Emori
665 600 754 656 satius
779 605 823 656 est
846 599 972 667 hercule,

342 695 434 764 Quam
456 700 489 751 ut
510 694 632 766 insignis
655 693 767 750 feratur
788 695 860 751 haec
884 694 1059 751 contumelia

342 790 376 846 In
399 791 605 861 sempiternum
628 788 789 845 maiestatis
814 788 940 845 dedecus

341 885 382 941 Et
404 885 434 940 in
457 883 594 941 Caesarei
618 887 814 954 contemptum
835 881 954 953 fastigii.

343 978 366 1037 Ο
390 979 521 1050 ingratos
545 982 574 1034 et
595 975 724 1049 perfidos
748 976 914 1048 episcopos!

271 1091 327 1133 1888
341 1073 461 1130 Haecne
483 1069 607 1144 parere?
632 1072 693 1128 Has
716 1088 767 1128 vos
791 1087 931 1128 consuere
955 1067 1139 1128 discordias?

674 1183 842 1240 Iulianus,

343 1279 440 1347 Mane,
464 1279 504 1334 mi
526 1277 648 1334 Nestor!

690 1388 827 1444 Nestor.

653 1482 712 1539 Cur
733 1479 885 1539 maneam?

674 1594 842 1650 lulianus.

886 1687 980 1756 Eheu,
1006 1692 1101 1744 aetum
1125 1689 1195 1760 agis.

343 1781 410 1839 Non
432 1787 554 1853 possunt
577 1781 665 1838 scribi
688 1783 804 1838 milltes,
829 1783 917 1838 Aliud
940 1781 1007 1853 age!

689 1894 829 1952 Nestor.
881 1953 883 1960 ,

344 1988 420 2057 Quid
442 1985 546 2060 agam?
569 1989 636 2046 Non
658 1989 779 2060 prodest
801 1989 887 2060 longa
911 1987 1095 2045 consultatio.

344 2082 461 2152 Peristi,
485 2084 542 2140 nisi
565 2100 650 2155 quam
673 2101 740 2141 mox
763 2083 849 2141 rebus
873 2083 1075 2139 succurrimus.

274 2195 330 2237 1840
346 2177 576 2235 Procrastinatio
601 2179 631 2234 in
652 2179 788 2248 perieulis
812 2178 888 2234 mala
912 2183 964 2234 est.

676 2281 842 2339 Iulianus.

345 2374 424 2443 Quos
448 2373 557 2432 scribes
580 2373 707 2432 milites?
731 2377 777 2432 An
800 2371 1005 2432 adversarios?

343 2470 391 2524 An
414 2485 473 2538 eos,
499 2470 547 2540 qui
569 2486 614 2526 me
638 2468 845 2527 exsecrantur?
869 2471 915 2527 An
939 2469 987 2541 qui
1010 2468 1140 2539 cogitant

274 2574 351 2627 [aaa]
374 2563 436 2621 Nos
460 2581 559 2622 omnes
583 2562 772 2636 disperdere?
797 2564 852 2633 Qui
874 2569 1014 2636 ruperunt
1036 2559 1143 2620 fidem?

345 2659 443 2715 Alium
466 2660 514 2731 qui
537 2659 593 2716 sibi
617 2659 798 2716 conclamant
821 2658 977 2716 Caesarem
1001 2655 1084 2714 dari?

274 2771 330 2812 1845
346 2753 379 2822 Ο,
403 2771 522 2825 prorsus
547 2754 719 2825 desperatae
743 2770 789 2810 res
814 2759 843 2810 et
864 2753 1011 2824 perditae!

689 2857 828 2913 Nestor.

345 2948 412 3005 Non
435 2949 476 3006 sie
500 2951 656 3018 existimes
683 2950 800 3008 Caesar.
824 2951 891 3007 Non
915 2950 1055 3019 omnibus,

346 3042 464 3113 Opinor,
490 3043 592 3100 eadem
616 3049 660 3101 est
683 3050 785 3102 contra
807 3049 836 3101 te
860 3045 1013 3102 sententia.

675 3147 843 3203 Iulianus.

344 3239 379 3304 Α,
403 3237 523 3309 falleris,
547 3240 664 3298 Nestor.
688 3241 806 3297 Miseris
829 3257 965 3312 perrarus
989 3247 1033 3298 est

346 3334 474 3403 Amicus
500 3334 634 3392 adflictos
658 3341 688 3392 et
710 3337 774 3407 ipsa
797 3335 859 3392 odit
883 3335 968 3392 salus¹

274 3445 330 3487 1850
347 3428 505 3486 Consilium
529 3447 612 3486 omne
635 3431 705 3485 mihi
728 3431 758 3485 in
780 3435 840 3486 tam
863 3432 1015 3502 repentino
1039 3431 1114 3488 malo

345 3526 482 3583 Ablatum
499 3531 551 3582 est.
577 3524 640 3594 Quo
657 3541 702 3580 me
718 3522 848 3581 vertam?
876 3525 966 3594 Quem
983 3525 1135 3596 implorem
1151 3525 1249 3596 miser,

346 3623 437 3691 Quem
461 3623 502 3680 sic
524 3621 666 3678 furiarum
690 3619 894 3676 subverterunt
916 3617 1067 3691 germina?
