2824 4196
290 243 329 301 82
485 252 698 310 uaoeaoacvS,
721 252 927 297 ruuuucsuvs
951 243 1004 312 ΙΙΙ,
1033 245 1057 299 1.

360 431 430 487 Illae
454 428 635 486 horribiliter
657 433 841 498 exponuntur
863 429 988 486 litterae.

288 542 344 585 raso
359 524 401 582 Te
425 525 571 592 damnant,
596 527 626 580 te
651 528 849 591 exsecrantur,
873 524 904 579 in
926 527 955 581 te
979 525 1130 582 clamitant

358 618 451 688 Quam
473 618 598 689 primum
620 617 781 687 tricephalo
806 617 990 674 obiciendum
1014 618 1151 678 Cerbero.

690 727 860 784 Iulianus.

360 823 428 893 Hui,
453 827 603 880 tantumne
618 819 707 879 mali?
732 821 754 878 0
771 838 817 878 me
833 822 983 880 miserum!
1007 823 1092 893 Quod
1109 832 1154 882 est
1169 844 1265 886 meum

359 917 431 975 Tam
453 917 564 988 grande
586 921 748 988 peccatum,
772 920 884 972 tantam
906 920 938 972 ut
961 919 1142 989 tragoediam

361 1011 525 1068 Adversum
547 1027 592 1068 me
616 1007 772 1067 moveant?

668 1121 883 1194 Pterophon.

800 1216 918 1286 Nescio,
943 1215 1060 1287 Caesar,
1085 1219 1141 1276 nisi
1228 1217 1232 1226 '

290 1329 346 1372 1785
362 1310 446 1380 Quod
469 1311 597 1386 ventrosi
620 1309 723 1366 harum
747 1310 914 1366 contionum
936 1312 1082 1382 principes

360 1405 441 1463 Petri
464 1410 493 1462 te
515 1404 668 1475 possidere
692 1405 773 1460 aiunt
794 1405 1001 1475 patrimonium
1024 1411 1054 1463 et

360 1499 431 1557 Ideo
455 1499 636 1570 sacrilegum,
661 1499 738 1570 quod
760 1499 834 1555 nolis
858 1501 1021 1556 restituere.

690 1610 859 1666 lulianus.

360 1705 383 1763 Ο
406 1703 629 1777 impudentiam!
654 1702 739 1772 Quod
761 1704 831 1760 mihi
853 1705 1059 1776 patrimonium

361 1800 491 1858 Narrant
515 1795 651 1855 scelesti?
675 1798 777 1868 Egone
802 1799 953 1870 quicquam
976 1801 1123 1871 possideo,
1148 1804 1225 1874 quod

290 1913 346 1956 1790
361 1895 443 1952 Petri
466 1898 516 1950 aut
539 1898 584 1950 est
607 1897 658 1948 aut
679 1909 805 1963 unquam
827 1889 902 1948 fuit?
1241 1905 1244 1909 ·

702 1994 846 2050 Nestor.

491 2135 494 2142 1
904 2090 1013 2163 Magna
1035 2092 1151 2150 hercule

359 2185 449 2252 Haec,
475 2183 593 2252 Caesar,
619 2188 664 2240 est
686 2183 808 2239 insania.

669 2292 883 2364 Pterophon.

799 2387 928 2444 Litteras
951 2388 1051 2460 legunt

360 2485 386 2540 A
410 2481 602 2540 Constantino
627 2481 752 2552 quodam
776 2480 902 2538 Caesare
926 2482 1030 2551 editas,

360 2578 440 2648 Quae
463 2576 634 2634 nominatim
657 2592 712 2644 res,
738 2593 811 2647 quae
835 2577 893 2632 sint
914 2578 1091 2647 patrimonii,

359 2672 531 2740 Ostendunt,
557 2675 636 2727 certe
658 2687 751 2741 paene
773 2668 902 2727 infinitas
926 2687 1005 2742 opes.

689 2773 857 2830 lulianus

288 2891 343 2933 raca
359 2871 416 2928 Pro
446 2871 532 2927 deum
560 2873 645 2940 atque
673 2867 821 2924 hominum
854 2868 954 2936 fidem,
990 2886 1063 2940 quae
1096 2869 1189 2928 istaec

902 2968 947 3020 est
969 2962 1100 3020 malitia?
1135 3031 1136 3036 ἵ

288 3070 361 3124 [om]
385 3058 488 3115 Falsas
511 3056 621 3114 audent
643 3056 731 3113 etiam
753 3055 885 3127 proferre
908 3054 1042 3114 litteras?

358 3153 580 3218 Aeruscatures
600 3167 659 3207 non
683 3150 818 3206 doctores
842 3151 968 3208 hercule.

359 3246 417 3304 Sed
441 3242 530 3317 quid?
554 3245 630 3316 Num
653 3245 746 3300 istaec
769 3244 864 3301 credit
884 3241 1029 3316 populus?

666 3353 885 3425 Pterophon.

966 3449 1007 3505 Et
1029 3451 1153 3508 maxime

356 3546 417 3603 Illis
442 3543 564 3601 credunt
585 3547 618 3599 ut
641 3541 735 3613 dignis
759 3547 789 3599 et
812 3542 991 3612 doctoribus

285 3660 341 3702 1aoo
357 3641 412 3711 Qui
435 3637 652 3696 Pammachium
674 3653 732 3693 non
754 3653 841 3707 posse
865 3655 964 3694 errare
987 3639 1128 3709 garriunt.
