2824 4188
392 287 606 346 neocaeaeva
630 287 836 334 ranunculus
862 277 885 346 l,
909 277 937 332 4.
1110 275 1146 330 41

236 466 270 522 In
291 466 348 523 hoc
370 481 495 537 unquam
517 464 705 536 proruperint
727 464 890 536 superbiae,

176 579 220 622 aee
237 561 274 616 Vt
296 565 326 617 et
348 559 450 617 Tuscis
475 564 504 617 et
526 559 666 616 Romanis
689 558 867 616 dominarier

235 655 349 712 Vellent
372 658 422 711 aut
446 657 629 722 conarentur,
655 670 692 710 an
715 653 859 725 episcopis

235 749 272 806 Se
296 749 407 806 cunctis
430 748 629 821 praetulerint,
655 765 692 804 an
715 747 819 818 opibus
842 747 1016 816 studuerint,

233 844 281 900 An
303 860 335 900 se
359 842 510 913 Caesareis
533 842 704 900 miscuerint
725 842 860 913 negotiis

535 963 788 1020 Pammachius

233 1066 320 1124 Fatui
342 1066 461 1124 fuerant
483 1071 685 1124 antecessores
707 1066 764 1122 mei

173 1181 217 1222 845
232 1161 418 1219 Neesacres
442 1161 572 1218 studiose
597 1161 764 1217 evolverunt
787 1159 913 1216 cedices,

232 1256 316 1313 Vnde
338 1256 576 1328 pusillanimitate
600 1255 680 1312 ducti
703 1259 733 1311 et
754 1254 862 1310 inertia

230 1350 392 1408 Doctorum
414 1367 473 1406 non
495 1349 700 1406 intellexerunt
722 1349 820 1405 munia

231 1445 293 1502 Nee
316 1444 354 1501 ad
376 1461 496 1516 magnas
519 1461 566 1501 res
590 1443 646 1500 nisi
669 1448 736 1499 sunt
759 1441 927 1510 ascendere,

231 1538 278 1596 Ad
301 1538 379 1611 quod
401 1543 499 1594 tamen
522 1537 701 1610 evangelium
724 1537 867 1594 hortatur.
892 1537 933 1592 At
954 1534 1024 1592 mihi

171 1651 216 1693 seo
231 1633 280 1689 Nil
303 1649 402 1690 crassa
425 1649 526 1690 eorum
549 1631 732 1704 praeiudicat
754 1631 879 1688 inscitia.

173 1763 242 1816 [Dra]
576 1751 746 1808 Iulianus.

230 1855 315 1925 Quod
337 1856 379 1913 illi
401 1857 432 1912 in
455 1855 611 1927 evangeliis
634 1855 759 1912 tetiam
782 1854 904 1911 saeculis

230 1951 295 2008 Non
318 1954 519 2022 reppererunt,
543 1967 595 2007 ros
618 1949 689 2021 ipsis
714 1947 877 2006 comicibus

230 2044 412 2102 Oculatiores
435 2044 554 2102 tandem
575 2039 724 2100 effoditis?
753 2041 822 2112 Quis
845 2042 994 2100 hominum

229 2139 351 2196 Audivit
373 2155 499 2212 unquam
522 2137 702 2209 evangelium
726 2137 884 2194 dissolvere

169 2251 214 2293 855
230 2233 351 2290 Politias
375 2238 404 2290 et
427 2233 557 2290 adimere
579 2231 697 2304 regibus
719 2227 862 2303 imperia?
885 2229 943 2288 Vbi

224 2327 321 2385 Docet
343 2327 540 2396 ambitionem,
566 2327 718 2384 avaritiam
742 2332 772 2384 et
794 2327 969 2399 superbiam,

231 2422 312 2492 Quae
335 2439 386 2481 vos
409 2423 468 2480 iam
491 2421 600 2480 dudum
621 2422 768 2492 parturire
791 2418 949 2494 intellego?

531 2539 784 2600 Pammachius,

228 2646 295 2702 Non
318 2651 371 2716 est,
396 2645 474 2718 quod
495 2645 587 2702 multa
609 2645 646 2702 de
668 2645 749 2702 hisce
772 2644 859 2701 rebus
883 2645 1022 2717 disputes.

227 2739 399 2812 Neophytos
423 2756 454 2797 es
476 2756 530 2797 neo
553 2755 600 2796 res
622 2740 761 2812 mysticas
784 2738 937 2810 intellegis.

168 2853 213 2894 aee
229 2833 260 2890 Si
281 2849 341 2892 non
363 2833 478 2892 confers
502 2838 614 2905 sponte,
639 2839 686 2890 ast
708 2833 796 2890 invite
821 2831 962 2890 conferes.

571 2954 740 3012 luhanns

228 3047 323 3120 Coges
348 3065 417 3121 ergo
440 3045 505 3106 me?

528 3159 783 3216 Pammachius

551 3261 684 3320 Prorsus.

571 3383 742 3441 luhanus

733 3477 823 3536 Forte
847 3474 996 3534 exercitu?

528 3587 782 3645 Pammachius.
