2824 4196
266 269 323 329 132
462 281 675 341 suessonam,
696 283 902 328 Pauuacmvs.
927 271 976 341 IV,
1003 270 1030 328 2.

679 457 817 515 Dromo.

333 553 417 621 Hem,
440 552 488 609 vix
509 552 606 622 posita
629 552 659 607 in
680 567 809 608 mensam
832 557 899 609 sunt
922 557 1058 625 correpta
1081 553 1178 610 omnia

334 647 401 703 Non
425 646 485 702 sine
508 645 684 703 vulneribus.

668 765 828 824 Satanas.

671 859 755 917 Tales
780 861 913 918 convivas
937 861 1010 918 volo.

334 953 381 1010 Da
403 953 522 1009 missum
545 953 645 1010 alium!
670 953 729 1010 Cur
749 960 852 1026 patera
874 972 933 1012 uon
955 953 1142 1013 obambulat?

338 1045 398 1104 Cur
419 1047 461 1104 ita
484 1043 587 1103 taciti?

681 1167 821 1224 Drama.

572 1260 661 1330 Quasi
683 1261 768 1332 plene
791 1262 905 1333 possint
928 1266 1044 1334 gutture

264 1371 321 1414 2945
336 1353 399 1411 Nec
422 1355 509 1411 alium
532 1355 604 1414 alius
628 1355 757 1412 vorando
782 1360 874 1413 certet
896 1357 1021 1413 vincere.

673 1465 832 1524 Satanas.

338 1559 420 1616 Haec
442 1557 594 1618 farcimina
616 1565 683 1617 sunt
704 1561 815 1632 magnis
839 1559 973 1618 confecta
995 1560 1106 1618 artibus

338 1653 513 1710 Miserarum
535 1655 683 1711 hominum
706 1672 721 1711 e
745 1655 876 1712 medullis
900 1660 986 1727 atque
1011 1656 1158 1727 sanguine.

683 1765 822 1823 Dromo.

338 1843 488 1930 Diripiunt
509 1859 585 1916 ultro
609 1865 639 1916 et
660 1861 752 1932 plenis
776 1860 874 1916 buccis
899 1860 1048 1916 devorant.

672 1971 831 2029 Satanas.

339 2062 433 2136 Super
455 2064 527 2122 haec
549 2066 744 2138 unusquisque
768 2065 886 2122 calicem
908 2065 1024 2137 plenum
1046 2063 1142 2122 bibat!

266 2175 324 2217 asso
340 2157 516 2215 Perfertiter
538 2159 668 2216 hercule!
696 2159 854 2232 Sequimini
878 2159 990 2217 omnes!
1014 2159 1089 2228 Iam,
1117 2158 1239 2228 Brome,

344 2251 481 2320 Quintum
504 2258 600 2310 actum
625 2253 737 2325 profer!

686 2365 824 2421 Dromo.

713 2459 760 2516 En
782 2459 881 2516 habes

674 2569 833 2627 Satanas.

856 2663 912 2732 Qui
933 2662 1088 2734 neglegens

339 2755 408 2812 Fuit
430 2757 579 2826 hactenus,
605 2759 751 2826 convivae,
775 2758 850 2815 istoc
874 2757 959 2814 decet
981 2756 1081 2812 ultime

341 2850 448 2908 Edulic
472 2857 627 2908 saturetur.
653 2851 724 2908 Cras
748 2851 824 2909 dabo
847 2851 1017 2908 lautissima.

343 2943 399 3001 Hic
421 2946 591 3002 mercatoris
616 2951 660 3002 est
683 2946 813 3002 sacculus
838 2962 905 3003 aere
928 2944 1073 3016 gravidus

271 3055 328 3096 aesc
343 3038 491 3110 Apponite
513 3039 629 3096 manus!

688 3159 827 3215 Dromo.

630 3252 717 3310 Haud
740 3253 801 3309 sine
824 3253 928 3324 pugnis
950 3251 1099 3310 ferculum.

344 3345 535 3418 Lapitharum
557 3347 607 3403 isti
629 3352 696 3404 sunt
718 3363 822 3403 meres.

651 3487 652 3492 κ
679 3457 838 3515 Satanas.

785 3550 860 3620 Quin
882 3549 1007 3608 fustibus

345 3645 417 3704 Rem
441 3647 526 3719 agitis
550 3651 601 3704 aut
624 3643 763 3702 sudibus?
787 3645 883 3702 Istaec
907 3649 973 3702 sunt
995 3643 1127 3716 puerilia.
