2824 4196
386 278 600 340 oecononum,
622 282 819 328 rnunncsnvs
850 271 889 338 II,
914 273 941 328 3.
1117 273 1150 330 61

252 459 350 528 Plane,
374 459 450 516 hanc
471 458 598 531 nigram3
624 455 784 527 StasiadeS,
807 475 983 530 purpuream
1007 475 1092 532 oape;

252 553 443 624 Maculosam,
469 552 593 622 Chremi,
619 569 654 610 ae
676 553 823 624 pallidam,
852 569 888 610 ne
911 553 987 611 istuc
1010 555 1126 627 quidem

252 648 377 706 Laboris
400 647 565 706 mercedem
588 647 801 704 desideraverit

255 742 449 815 condignam!
472 741 597 799 Tantum
621 742 699 813 agite
721 741 780 799 iam
803 739 968 813 diligentius

181 857 238 899 roas
253 838 297 894 Ac
321 835 534 905 confortamini,
559 841 591 892 ut
612 853 666 908 pro
689 836 805 908 perdito
828 837 891 894 viro

254 932 352 989 Maius
372 931 487 990 luorum
510 929 663 988 succedat!

602 1058 742 1116 Planus¹

695 1161 753 1219 Res
777 1163 835 1220 iam
857 1163 1005 1231 vertitur,-

254 1257 293 1314 Vt
316 1273 411 1330 spero,
435 1257 466 1313 in
489 1257 616 1314 cardine.
641 1257 759 1325 Nescio,
783 1257 852 1330 quid
875 1257 1017 1329 suspicor.

590 1385 750 1443 Satanae.

254 1489 322 1547 Non
344 1494 490 1562 suspecto,
515 1487 567 1547 sed
589 1488 668 1547 facto
693 1506 765 1560 opus
789 1479 842 1547 est.

574 1616 767 1674 Chromius.

841 1719 876 1778 Id
899 1738 1013 1780 censeo.

607 1849 744 1906 Planus
798 1887 801 1892 -

256 1941 441 2000 Gonabimur.

592 2069 754 2146 Satanae.

475 2173 603 2244 Hoetu,
628 2175 727 2242 Plane,
751 2176 818 2233 illac
841 2193 892 2234 vos
915 2175 1043 2249 pergite!

603 2303 743 2362 Planus.

180 2425 237 2466 raro
255 2406 325 2463 Atat
348 2406 496 2480 quidhoc
519 2407 561 2464 rei
585 2403 650 2464 est?
674 2407 751 2478 Quid
774 2405 892 2466 tandem
914 2408 1014 2466 hostes
1036 2406 1156 2467 volunt?

592 2535 754 2595 Satanas.

258 2629 313 2700 Qui
335 2627 457 2688 hostes?

602 2757 744 2815 Planus

485 2857 601 2917 Viden?

593 2970 756 3030 Satanas

626 3065 694 3135 Hui,
719 3071 779 3123 tam
801 3064 913 3139 prope?
938 3067 961 3125 0
985 3067 1139 3127 audaciam

259 3157 420 3229 Insignem!
444 3158 558 3216 Hucine
581 3175 679 3216 rerum
702 3161 841 3230 venimus,
865 3161 898 3217 ut
920 3161 1053 3220 hostibus

257 3251 329 3309 Tam
351 3269 443 3324 prope
466 3253 602 3312 veniendi
625 3254 664 3310 sit
685 3253 776 3311 libido
800 3272 834 3312 ac
858 3253 962 3328 copia?

256 3343 390 3403 Manete!
413 3345 567 3418 Experiar,
592 3347 659 3420 quid
683 3345 780 3405 ferant
802 3350 921 3421 negotii.
