2824 4196
396 276 838 337 usocnoaovs,usunncu1vs
862 267 900 336 ΙΙ,
926 269 954 324 4.
1120 271 1157 328 63

547 453 800 512 Pammachius.

186 559 242 601 racc
257 538 455 598 Accedamus!

557 641 788 714 Porphyrius,

494 734 588 804 Salve,
611 736 747 808 princeps
770 735 943 794 fortissime!

594 846 754 904 Satanas.

258 942 335 1012 Quid
357 958 408 1000 vos
431 941 531 998 hostes
555 941 632 1012 apud
655 939 721 998 me?

541 1051 787 1124 Porphyrius
822 1066 825 1072 ’

754 1147 830 1217 Quid
854 1147 967 1206 dicam?
991 1149 1075 1208 Metu

258 1243 372 1314 Lingua
394 1241 530 1298 haesitat.
556 1240 624 1297 Sum
648 1241 709 1298 acri
732 1259 803 1300 voce
827 1244 957 1300 territus

544 1351 798 1412 Pammachius.

986 1451 1091 1510 Animo

257 1543 319 1599 Fac
340 1541 490 1614 praesenti
513 1539 567 1597 sis!

555 1651 787 1724 Porphyrius.

595 1746 652 1803 Est
675 1747 784 1820 aliquid
808 1749 899 1806 servis
922 1751 979 1808 tuis
1044 1801 1045 1804 ,

258 1843 375 1914 Negoti,
401 1841 478 1914 quod
501 1841 626 1913 petimus
650 1842 809 1900 clementer
831 1848 864 1900 ut
886 1844 997 1902 audias.

590 1951 751 2010 Satanas

186 2069 242 2111 raca
258 2049 334 2119 Quid
357 2044 421 2105 est?

557 2149 786 2221 Porphyrius.

338 2245 483 2316 Quamvis,
500 2245 636 2316 princeps
654 2245 771 2316 optime,
788 2245 827 2302 ad
842 2245 943 2303 hostes
959 2263 1046 2318 grave
1063 2253 1108 2306 est

254 2341 353 2398 Verba
374 2339 471 2397 facere
494 2356 549 2396 nec
571 2356 629 2397 non
651 2339 809 2410 impetrare
833 2339 981 2412 quidpiam

254 2435 439 2492 Necessitate
464 2438 582 2491 coactos
606 2432 643 2490 ab
667 2435 719 2503 eie,
744 2450 815 2506 quos
839 2434 920 2505 prius

183 2541 250 2596 [10ῑο]
271 2530 376 2588 Verbis
398 2528 542 2600 factisque
565 2528 696 2597 laeseris
721 2526 850 2599 difficile,
874 2545 927 2586 nos

255 2625 366 2682 Tamen
387 2629 438 2680 tua
461 2623 639 2680 dexteritate
663 2640 697 2680 ac
721 2623 875 2679 clementia

185 2737 241 2780 1010
256 2719 338 2776 Preti
361 2718 433 2776 nihil
456 2715 625 2786 diffidimus,
650 2717 719 2790 quin
741 2717 886 2788 supplices

254 2813 316 2871 Nos
339 2817 390 2870 tua
412 2812 552 2884 respiciat
573 2811 678 2883 gratia.
703 2811 827 2882 Experti
850 2811 990 2868 hactenus

254 2908 358 2966 Sumus
380 2905 607 2978 insuperabilem
630 2910 710 2963 tuam
731 2906 903 2978 potentiam,

254 3003 349 3074 Atque
373 3001 403 3058 id
426 3006 528 3058 nostro
552 3001 658 3058 damno
682 3017 717 3058 ao
739 2999 840 3058 labore
863 3001 998 3058 maximo.

215 3145 218 3152 ,
254 3097 387 3154 Vidimus
409 3096 489 3164 item,
514 3112 599 3168 quam
621 3095 704 3167 larga
727 3095 785 3152 tuis
810 3095 861 3152 des
883 3095 1023 3167 praemia,

183 3210 239 3252 1375
254 3191 347 3261 Quam
370 3190 543 3262 splendeant
564 3191 594 3246 in
616 3190 724 3260 mundo
748 3195 942 3262 quantumque
966 3188 1099 3247 omnibus

253 3286 367 3343 Honori
390 3285 456 3354 sint,
481 3285 649 3342 divitiarum
671 3300 706 3341 ac
728 3284 865 3342 licentiae

251 3379 396 3449 Quantum
419 3379 562 3451 rebusque
586 3384 694 3451 quanta
716 3379 755 3435 sit
777 3378 981 3450 tranquillitas.

252 3474 395 3546 Regnent,
420 3473 602 3546 triumphant
624 3478 653 3530 et
676 3478 828 3531 sectantur
850 3473 920 3542 otia,

254 3567 364 3639 Quibus
388 3573 433 3626 est
455 3567 565 3625 laboris
587 3568 745 3639 minimum,
769 3568 924 3639 plurimum
946 3566 1028 3635 lucri,
1110 3589 1111 3592 ¹

179 3682 236 3724 iaec
251 3665 293 3720 At
314 3663 399 3721 nobis
423 3663 515 3720 istaec
538 3668 642 3720 cuncta
665 3649 732 3720 sunt
755 3661 911 3720 contraria.
