2824 4196
352 287 564 345 rnoonoaovs
587 287 792 331 Pnuusernvs.
817 287 976 332 aernoovs.
1091 279 1144 333 151

415 546 607 604 EPILOGVS
630 545 754 603 ACTVS
778 546 922 616 QVINTI.

251 685 295 741 Ne
319 686 376 741 iarn
400 685 584 756 exspectetis,
610 689 791 755 spectatores
816 685 926 756 optimi,

250 778 287 834 Vt
311 779 426 850 quintus
449 779 516 835 huie
538 779 666 834 addatur
687 783 768 834 aetus
792 777 918 846 fabulae,

251 872 308 929 Suo
332 889 416 944 quem
442 871 573 928 Christus
598 873 666 928 olim
690 877 734 928 est
757 876 874 929 aeturus
898 871 960 929 die!

178 984 235 1025 aare
251 967 368 1022 Interea
391 970 472 1022 aetus
497 967 592 1037 quarti
616 966 806 1022 consiliaros
832 971 950 1023 movent

177 1059 245 1123 [aio]
270 1059 394 1116 Rursum
417 1077 559 1131 prorsum,
584 1065 615 1116 ut
639 1059 754 1116 videtur
775 1060 805 1115 in
828 1061 1003 1130 praesentia.

249 1154 354 1211 Toturn
378 1153 504 1211 Satanae
527 1154 584 1210 iarn
606 1155 766 1225 perstrepit
791 1154 949 1225 negotium,

250 1247 425 1304 Defenditur
447 1252 571 1319 papatus
596 1247 745 1319 cultusque
768 1248 858 1318 impii,

148 1331 154 1344 '
250 1341 425 1398 Perstrenue
449 1340 559 1398 Christi
582 1341 754 1398 adversatur
776 1341 887 1412 gloriae

176 1455 234 1496 seso
251 1436 375 1507 Propter
398 1436 619 1506 superstitiones
644 1441 674 1490 et
697 1436 898 1504 caerimoniae,

251 1529 331 1597 Quae
356 1546 420 1584 euin
444 1529 595 1599 seripturis
619 1533 648 1585 et
671 1529 760 1585 verbo
783 1535 914 1600 pugnant
937 1530 993 1587 dei.

168 1605 170 1610 ’
250 1623 374 1679 nultum
398 1623 519 1696 cottidie
536 1613 704 1679 ‘christiani
727 1623 875 1694 sanguinis

249 1716 424 1786 diffunditur,
449 1717 531 1788 quasi
554 1717 578 1772 is
603 1717 717 1773 demum
742 1717 920 1774 certissimus

249 1811 305 1868 Dei
331 1811 424 1867 cultor
447 1811 485 1866 sit
509 1816 538 1867 et
559 1811 663 1882 pietati
687 1811 812 1880 deditus

177 1924 235 1964 eroso
251 1905 306 1974 Qui
328 1905 432 1962 multas
456 1905 603 1961 hominurn
626 1904 730 1961 fecerit
752 1905 906 1974 succidias,

257 1997 317 2067 Qui
331 1999 464 2072 iugulare
488 1999 619 2055 homines
642 2015 695 2069 pro
720 1999 932 2056 delectamento
956 1998 1054 2056 habet.

249 2093 401 2148 Insaniunt
423 2093 453 2148 in
476 2109 528 2148 nos
551 2093 664 2149 Tureae
686 2092 865 2163 perfortiter,

250 2186 412 2242 Insanirnus
435 2203 488 2242 nos
511 2187 541 2242 in
564 2203 617 2242 nos
640 2187 720 2257 ipsos
743 2187 822 2243 haud
845 2187 947 2256 minus,

250 2280 286 2336 Vt
311 2280 484 2336 Christianis
509 2281 547 2337 sit
569 2280 723 2338 molestum
746 2281 842 2338 virere
866 2286 895 2338 et

176 2393 234 2434 eaeo
249 2374 388 2446 Spectare
411 2375 519 2446 iugiter
542 2373 667 2431 Satanae
690 2376 867 2446 tragoedias

250 2469 312 2525 Nee
336 2469 519 2541 sperandum,
545 2469 678 2526 hurnanis
703 2470 831 2527 consiliis
855 2486 902 2527 res
925 2469 989 2526 fore

249 2563 397 2632 Medores,
422 2564 479 2619 nisi
502 2563 573 2619 deus
596 2563 680 2619 istius
704 2564 874 2634 tragoediae

250 2657 351 2714 Finem
373 2656 477 2714 feeerit
500 2657 628 2713 adventu
650 2655 702 2713 filii
727 2658 780 2726 sui,

251 2749 325 2806 Suos
349 2751 395 2822 qui
421 2769 456 2807 ox
478 2750 585 2808 mundo
610 2751 694 2806 tollat
716 2756 748 2806 ut
771 2768 873 2807 aurum
896 2768 932 2808 ex
955 2737 1085 2808 stercore

177 2862 235 2903 3395
250 2844 290 2899 Et
313 2845 416 2915 impios
440 2845 589 2916 perpetuis
613 2844 711 2901 tradat
733 2844 863 2915 ignibus:

245 2939 337 3006 *Quod
360 2937 475 2994 fabulae
499 2939 590 2995 totius
615 2939 671 2994 erit
693 2933 903 3018 καταστροφὴ.

615 3044 720 3118 Τέλος.

563 3290 772 3354 *gysa-am

446 3696 509 3731 Druok
521 3707 559 3732 von
570 3698 669 3732 Lsonhard
681 3698 754 3730 Simiou
765 3699 785 3730 tn
796 3699 859 3730 Berlin
871 3699 910 3731 SW.
