2824 4196
345 290 558 348 nnoouonovs
581 290 788 336 ranunculus
814 280 866 349 Ill,
893 281 921 336 5.
1064 283 1120 339 109
1209 256 1212 262 ¹

220 467 412 535 Monasteria,
435 467 542 524 sacella
565 467 595 523 in
618 467 729 522 eunctis
753 467 874 539 angulis,

219 563 316 634 Agris,
340 562 421 630 vicis
446 561 589 629 domibus
616 561 752 629 castellis
777 561 897 618 urbibus

88 671 92 678 ’
144 675 205 718 2455
220 657 330 728 Magna
353 656 416 713 auri
440 660 469 712 et
492 655 605 727 argenti
629 659 779 712 struantur
802 656 900 727 copia!

524 767 753 838 Porphyrius

220 863 313 920 Facta
335 861 429 919 video.
456 861 478 917 Ο
503 861 588 918 deum
611 861 812 930 immortalem,
837 879 982 934 nunquam
1009 880 1062 934 ego

221 957 345 1014 Tantam
368 956 446 1028 apud
468 956 599 1012 homines
622 965 771 1026 putassem
794 956 852 1012 vim
875 973 939 1014 esse
962 959 1111 1028 pecuniae,

222 1051 303 1122 Quae
325 1056 386 1108 tam
409 1050 570 1121 splendida,
595 1053 654 1106 tam
678 1054 848 1120 sumptuosa
872 1051 997 1108 condere

148 1157 221 1211 [1113]
247 1146 360 1204 Posset.
385 1145 446 1202 Neo
468 1144 527 1200 ulla
550 1144 607 1200 alia
631 1143 796 1201 effecissent
819 1145 965 1216 dogmata,

148 1260 208 1302 3433
224 1241 304 1310 Quae
328 1245 378 1296 tua
402 1239 536 1295 doctrina
559 1247 587 1295 et
611 1238 731 1295 verbum
754 1239 828 1294 adeo
853 1239 948 1296 3113311
972 1245 1061 1297 tuum.

516 1350 768 1407 Pammachius

224 1447 411 1504 Effodiantur
434 1445 566 1502 divorum
589 1445 738 1516 reliquiae,
764 1445 870 1501 osculis

225 1542 422 1609 Honorentur,
448 1540 567 1610 gemmis
592 1544 728 1610 tegantur
750 1538 868 1595 lucidis!

525 1651 756 1722 Porphyrius

224 1747 281 1804 Fit.
308 1745 394 1803 Certe
418 1745 489 1802 deus
512 1745 615 1817 aliquis
639 1762 679 1813 es
704 1745 747 1801 sie
769 1745 859 1802 verbo
883 1747 980 1802 omnia

226 1841 332 1909 Potes'
350 1840 392 1897 sio
413 1840 541 1911 prompti
564 1840 695 1896 homines
719 1845 784 1896 sunt
808 1839 845 1897 ad
869 1857 912 1910 33,
940 1857 1013 1912 qnae
1036 1841 1128 1898 iubes

515 1942 769 1999 Pammachius.

152 2057 211 2099 aloa
225 2038 309 2106 Divis
331 2042 477 2108 ponantur
500 2041 623 2104 statuae,
647 2037 804 2108 pingantur
825 2037 975 2110 imagines,

227 2133 398 2204 Appareant
421 2131 544 2202 animae,
567 2129 640 2187 fiant
662 2129 815 2187 miracula!

526 2233 761 2305 Porphyrius.

228 2329 327 2398 Cossa,
351 2345 431 2400 rogo,
457 2333 486 2384 31
510 2328 556 2385 die
581 2329 696 2400 quiesce
720 2328 862 2399 septimo!

226 2423 371 2496 Equidem
394 2422 518 2480 Satanas
542 2427 691 2479 creaturas
714 2423 766 2479 has
790 2421 951 2480 mirabitur.

226 2517 328 2589 Neque
352 2517 436 2585 enim,
462 2521 542 2573 eerto
566 2517 636 2585 seio,
661 2517 725 2573 illas
748 2521 849 2588 posset
871 2515 989 2588 fingere,

156 2631 214 2674 amo
230 2611 419 2681 Quantumvis
443 2611 481 2667 sit
505 2605 620 2681 sapiens
643 2611 857 2682 longaevosque
881 2609 996 2667 artilex.

519 2721 772 2778 Pammachius

228 2818 348 2885 Vellem,
374 2815 498 2873 Satanas
522 2816 640 2873 adesset
663 2821 692 2872 31
715 2816 807 2872 istaec
831 2821 972 2872 cerneret.

229 2912 335 2969 Currat
357 2911 467 2967 Dromo
496 2916 525 2967 et
547 2910 679 2967 advocet.

534 3013 761 3085 Porphyrius

669 3107 774 3164 Curre!
799 3107 880 3164 Haeo
904 3107 1033 3179 oportuit

229 3203 298 3261 Non
320 3203 456 3260 audiente
480 3201 589 3258 dixisse
611 3202 728 3273 populo,
753 3206 845 3272 pater.

522 3303 774 3361 Pammachius

231 3400 306 3458 Prae
329 3400 436 3472 gaudio
460 3398 510 3455 uhi
533 3400 587 3455 sim
609 3398 707 3455 neseio
731 3397 832 3454 videns
855 3415 920 3454 mea

158 3513 218 3556 2475
232 3495 317 3552 Nova
339 3498 512 3551 toreumata.
537 3493 635 3549 Nimia
659 3493 828 3563 delinquunt
851 3493 965 3562 gaudia.

532 3595 761 3666 Porphyrius

233 3693 327 3749 Vnum
350 3693 500 3749 tamenin
523 3689 658 3758 oreand0,
683 3695 775 3760 pater,
802 3688 908 3745 oblitus
933 3705 972 3745 es
