2824 4196
273 275 312 332 90
472 287 684 344 unccaoacva
709 289 913 333 PAMMhCfflVS.
938 279 991 346 ΙΙΙ,
1018 281 1044 336 3.

647 464 873 536 Porphyrius¹

343 559 457 616 Amabo
480 564 518 627 te,
542 558 662 615 Dromo.
687 559 754 616 Non
776 575 894 616 recuses
917 561 1064 632 quidpiam

344 653 455 711 Hodie!
478 653 582 710 Nonne
605 653 695 722 vides,
720 658 752 708 ut
776 654 933 710 succedunt
957 653 1076 711 omnia?

344 748 378 804 In
400 765 494 805 messe
517 748 683 805 metendum
707 753 752 804 est
775 754 804 805 et
827 748 955 805 hibernis
978 749 1119 806 imbribus

272 861 329 903 1955
345 842 532 900 Gessandum.
557 842 613 912 Qui
636 843 883 913 opportunitatem
903 844 1038 916 neglegit,

345 938 498 1008 Nunquam
520 953 582 994 rem
604 935 700 994 faciet.
747 937 852 1006 Quare,
876 938 995 1007 Dromo,
1021 938 1061 994 sis
1084 937 1208 1008 impiger

345 1031 456 1088 Hodie!
481 1031 617 1100 Posthac,
642 1032 667 1087 si
689 1033 741 1100 vis,
766 1048 871 1088 annum
895 1037 985 1090 sterte
1008 1030 1166 1103 integrum!

692 1143 831 1200 Dromo.

346 1237 524 1294 Faciendum
547 1241 592 1294 est
614 1243 735 1308 propter
756 1237 926 1308 principem,
955 1237 1000 1294 cui
1024 1235 1127 1303 servio,

345 1332 412 1389 Non
435 1332 568 1404 equidem
590 1337 712 1404 propter
733 1337 771 1388 te.

645 1444 876 1516 Porphyrius.

777 1539 842 1596 Non
867 1556 950 1596 curo:
973 1538 1020 1597 fac
1042 1539 1143 1597 modo!

694 1659 831 1715 Dromo.

1113 1753 1180 1820 Hui,

275 1867 330 1909 mco
345 1847 401 1904 Vix
423 1849 507 1905 Atlas
531 1852 642 1904 tantam
667 1847 740 1904 caeli
763 1847 868 1904 molem
895 1848 1026 1903 sustinet.

345 1943 391 2000 Da
415 1944 582 2014 scipionem,
607 1948 639 1998 ut
661 1958 707 1998 me
731 1946 891 1998 sustentem
913 1941 1073 2012 paululum!

648 2062 876 2133 Porphyrius.

346 2157 470 2228 Accipe!
497 2156 632 2225 Praeibo,
657 2162 689 2213 tu
713 2156 847 2228 sequere!
871 2156 926 2224 Hc,
952 2155 1116 2225 Parrhasia,

347 2252 409 2321 Quo
434 2258 466 2307 tu
489 2249 572 2308 sola?

660 2370 861 2426 Parrhosia

538 2465 600 2534 Illo,
626 2464 675 2522 ubi
699 2465 801 2521 turbae
825 2468 890 2520 sunt
914 2481 999 2536 quam
1021 2463 1164 2520 maximae

347 2563 387 2618 Et
409 2577 484 2618 nova
510 2560 642 2632 plurima.

649 2670 878 2741 Porphyrius

634 2765 794 2822 Nobiscum
817 2781 896 2835 crgo,
922 2763 1087 2820 Parrhasia.

660 2875 863 2933 Parrhasia.

283 2992 336 3034 roos
352 2973 415 3042 Quo
438 2973 530 3030 ist-aec
553 2969 657 3028 sertis?

653 3081 880 3152 Porphyrius.

638 3177 769 3232 Romam.

666 3286 866 3344 Parrhesia.

780 3379 856 3448 Quid
879 3379 937 3435 iilic
960 3374 1075 3449 agitur?

654 3491 882 3562 Porphyrius,

1104 3581 1188 3648 Hem,
