2824 4188
293 231 327 284 11
497 237 711 299 rmoououcvs²
733 241 939 285 reuunourvs.
964 230 987 301 I,
1016 235 1040 286 1.

343 415 428 473 Meae
451 421 622 488 vestraeque
645 417 805 486 contiones,
829 418 860 473 in
883 416 985 488 quibus

343 510 415 567 Mali
438 512 580 568 venientis
603 512 780 568 mentionem
801 510 931 568 fecimus.

344 605 374 662 Si
396 604 506 662 luerint
529 606 619 675 cordi,
645 607 755 662 animas
778 606 937 663 tuebuntur
959 624 1040 680 suas3

343 700 394 757 Sin
416 700 518 768 minus,
543 701 572 756 in
596 700 795 758 communibus
818 701 1001 758 involventur
1022 702 1115 760 malis.

285 813 327 854 150
343 794 401 852 Sed
423 800 577 866 utcumque
603 795 697 863 cadat,
721 796 853 852 inimicus
877 796 1031 852 solvendus
1055 801 1108 853 est.

342 891 368 945 ,t
393 890 472 946 cuius
496 895 594 945 tamen
616 889 770 946 inlecebris
793 888 912 947 fortiter
933 908 1013 947 meos

343 984 481 1052 Servabo,
506 984 653 1055 iniquitati
675 1001 711 1041 ne
735 990 883 1056 apponant
905 1002 1016 1042 manus.

342 1077 435 1135 Nemo
460 1079 598 1148 surripiet
620 1095 679 1147 eos
705 1096 776 1150 quos
799 1079 870 1135 mihi
893 1079 974 1136 dedit
999 1085 1092 1151 pater.

343 1173 425 1230 Haec
447 1190 498 1230 vos
523 1174 631 1230 amicos
654 1173 790 1244 ignorare
812 1173 900 1242 nolui,

286 1287 328 1327 155
344 1268 402 1325 Sed
425 1273 455 1324 et
477 1272 544 1326 ante
568 1268 660 1324 nostis
685 1273 797 1339 tempus
822 1268 863 1325 sic
885 1267 949 1326 fore
971 1268 1112 1324 ultimum.

705 1387 842 1444 Petrus.

342 1483 477 1540 Etiamne
502 1499 537 1540 ea
558 1483 625 1551 iam,
650 1482 798 1554 magister,
823 1482 929 1539 adsunt
952 1488 1093 1554 tempora,

343 1577 453 1646 Quibus
476 1576 600 1634 Satanas
627 1577 701 1632 laxis
723 1576 845 1633 habenis
868 1577 992 1648 imperet

344 1671 525 1743 Erroresque
548 1675 685 1742 potenter
706 1671 887 1741 perniciosos
911 1669 1009 1729 serat?

691 1790 864 1848 Christus.

342 1888 466 1944 Adsunt.
491 1886 602 1944 Scriem
625 1886 681 1958 ipsi
705 1892 867 1958 temporum
889 1887 1044 1945 revolvite!

286 2001 327 2042 1oo
343 1983 426 2038 Nunc
449 1987 516 2038 ante
541 1982 818 2038 consummationem
842 1981 949 2038 saeculi

345 2077 436 2145 Quam
458 2076 613 2147 plurimum
638 2076 807 2132 conceditur
828 2075 957 2132 libidinis

345 2171 384 2226 Et
407 2169 533 2226 Satanae
557 2173 587 2225 et
609 2169 704 2239 impiis
729 2170 894 2240 symmystis
919 2170 1060 2239 omnibus,

347 2265 383 2320 Vt
406 2269 557 2320 aeternum
581 2263 648 2319 dein
670 2267 808 2334 potenter
833 2264 964 2321 ardeant.

287 2394 353 2449 raon]
707 2383 844 2440 Petrus.

344 2479 438 2536 Tanto
461 2479 551 2550 igitur
573 2495 620 2534 res
644 2477 839 2534 confundente
863 2478 1031 2536 adversario

291 2593 330 2633 1115
346 2573 408 2631 Tuo
432 2573 615 2630 sanctissimo
640 2573 708 2645 quid
731 2572 782 2629 fiet
804 2570 933 2629 nomini?

691 2683 863 2741 Christus

346 2779 417 2836 Eius
441 2779 592 2850 redigetur
615 2779 742 2850 cognitio
766 2779 803 2836 ad
825 2779 1026 2849 paucissimos,

346 2873 384 2928 Vt
406 2874 454 2930 vix
477 2873 600 2930 salutem
623 2890 640 2930 a
662 2890 707 2928 me
731 2879 852 2944 quaerat
874 2873 1051 2930 millesimus

346 2967 413 3024 Alia
436 2968 491 3024 sibi
515 2967 616 3024 salutis
640 2973 780 3038 quaerent
802 2968 919 3024 nomina

347 3062 495 3130 Homines,
521 3065 584 3118 tota
607 3062 636 3116 in
660 3061 762 3132 quibus
785 3061 927 3118 haereant
949 3059 1064 3130 fiducia,
1150 3106 1153 3112 .

289 3175 330 3216 tvo
346 3156 426 3226 Quae
449 3155 480 3212 in
504 3156 614 3212 cunctis
638 3156 772 3212 invocent
794 3155 1028 3212 necessitatibus.

346 3251 386 3307 Et
408 3251 557 3308 hominum
581 3249 796 3306 existimabitur
818 3249 1014 3319 stultissimus,

347 3345 454 3403 Salutis
478 3345 526 3416 qui
549 3360 618 3400 suae
641 3341 757 3400 firmam
781 3349 810 3400 ct
833 3360 947 3400 sacram
970 3361 1106 3400 ancoram

346 3441 458 3497 Nomen
481 3456 576 3496 meum
599 3438 691 3495 solum
714 3439 858 3506 statuerit,
884 3438 995 3494 scilieet

347 3537 456 3593 Nolens
480 3550 599 3606 sperare
623 3533 761 3589 auxilium
784 3532 820 3589 ab
844 3531 1061 3604 impotentibus.

291 3651 331 3691 175
349 3631 380 3688 ln
403 3635 502 3703 partes
525 3628 602 3685 mille
626 3627 675 3684 alii
699 3644 751 3684 sua
774 3627 908 3684 scindent
929 3631 1049 3698 pectora
