2824 4196
273 211 312 268 64
479 219 692 277 suessonam,
714 220 921 266 rannaomvs
944 210 982 279 II,
1007 211 1035 267 4.

343 395 504 468 Despectui
527 412 624 452 sumus
648 394 781 454 omnibus
804 401 890 469 atque
913 397 1017 454 nullius

341 492 465 549 Prorsus
488 489 609 546 numeri.
634 489 796 560 Paupertas
819 490 920 549 infelix
941 486 1057 563 piemit,

343 587 532 654 Accusamur,
555 584 712 640 multamur
733 589 820 657 atque
843 587 999 644 caedimur.

341 681 462 749 Domus,
487 679 558 750 agri,
583 678 694 746 vineae,
717 685 864 750 parentes,
892 680 977 751 liberi
1000 685 1030 738 et

272 796 328 838 1055
344 775 448 834 Omnia
470 775 619 846 perpetuis
643 772 796 832 subiacent
816 774 962 846 periculis,

345 871 493 941 Rectaque
515 867 704 927 factis⁸nulla
726 867 854 926 refertur
876 870 980 941 gratia.

344 959 436 1023 Haec
449 970 516 1022 sunt
537 961 670 1042 βραβεϊα
692 969 802 1033 nostra,
826 981 918 1036 noque
941 963 972 1021 id
994 963 1108 1021 iniuria.

343 1061 420 1117 Nam
442 1075 506 1116 cum
528 1058 650 1115 vivimus
673 1059 704 1115 in
726 1059 843 1128 mundo,
868 1075 941 1131 quae
965 1064 1010 1116 est
1031 1058 1145 1115 insania

322 1207 324 1210 .
344 1153 483 1223 Tandem,
506 1157 539 1210 ut
561 1152 661 1210 mundi
683 1169 736 1210 nos
760 1169 939 1224 opponamus
962 1152 1099 1225 principi!

273 1269 330 1311 1390
344 1248 489 1321 Equidem
512 1247 668 1304 observare
692 1248 827 1304 convenit
849 1247 1026 1304 domesticos

343 1343 454 1402 Domus
478 1341 626 1399 dominum
648 1346 734 1413 atque
757 1358 938 1414 nequaquam
961 1341 1153 1399 adversarior.

273 1449 341 1504 [naa]
365 1436 447 1495 Haec
465 1436 616 1509 cogitasse
638 1452 692 1494 nos
714 1433 820 1493 fuisset
841 1437 946 1493 iustius
1181 1423 1183 1428 ’

345 1534 441 1604 Atque
465 1535 532 1587 tuae
555 1529 666 1602 ingenti
689 1530 832 1587 restitisse
856 1530 1014 1602 potentiae.

345 1626 403 1685 Sed
426 1624 504 1698 quod
525 1623 644 1694 factum,
667 1622 777 1680 factum
800 1630 846 1681 est
867 1625 898 1681 in
919 1624 1094 1696 ignorantia.

275 1742 330 1784 raes
346 1722 531 1793 Quapropter
553 1735 628 1774 nunc
650 1717 764 1774 veniam
786 1735 941 1790 precamur
963 1719 1116 1791 supplices,

344 1816 389 1874 Nc
410 1814 500 1872 servis
523 1813 648 1884 imputes
671 1812 738 1869 tuis.
762 1811 881 1870 Luimus
905 1813 985 1882 satis

346 1911 385 1967 vt
407 1909 455 1982 qui
478 1924 544 1966 sero
568 1907 693 1979 sapiunt.
719 1906 777 1964 Sed
798 1924 875 1964 nunc
898 1909 1046 1966 consortio

345 2006 502 2076 Regnoque
526 2007 635 2060 tuone
659 2001 826 2074 dedigneris
849 2002 978 2074 iungere,

346 2099 511 2165 Precamur,
537 2096 614 2168 quod
638 2097 734 2153 colere
758 2101 787 2153 ct
810 2113 916 2168 augere
939 2098 1053 2154 naviter

275 2213 331 2256 1400
347 2194 404 2252 Pro
427 2190 536 2248 viribus
559 2190 668 2246 nostris
691 2191 809 2247 summis
834 2191 1009 2249 certabimus

347 2285 451 2356 Corde,
474 2300 572 2357 opere,
596 2283 685 2340 verbo
708 2285 912 2358 praesentique
938 2285 1091 2354 industria,

345 2382 390 2439 Ne
412 2396 466 2437 nos
488 2380 519 2436 in
540 2377 646 2435 infimis
669 2377 759 2435 fuisse
786 2379 897 2436 iudices

346 2477 426 2548 Ipse,
451 2473 502 2531 sed
526 2473 582 2530 huc
603 2489 694 2545 usque
718 2473 742 2530 si
765 2473 864 2530 vidisti
887 2479 1021 2532 strenuos

345 2569 510 2627 Adversum
532 2572 571 2636 te,
595 2584 671 2624 nunc
692 2584 746 2638 pro
770 2573 799 2625 tc
822 2573 957 2625 strenuos
980 2570 1071 2641 magis

278 2684 332 2726 1405
347 2663 518 2736 Experiere,
542 2667 575 2720 ut
597 2663 723 2735 satrapis
747 2679 884 2735 queamus
908 2663 1050 2733 omnibus,

346 2759 378 2817 Si
400 2757 566 2830 superiores
589 2774 648 2814 non
672 2756 739 2825 dici,
763 2762 795 2814 at
817 2762 896 2814 certe
919 2745 1015 2830 pares.

682 2850 843 2908 Satanas.

347 2947 502 3004 Fortunati
524 2963 584 3015 505,
610 2947 658 3019 qui
681 2945 799 3003 tandem
825 2946 997 3018 resipiscitis

347 3041 440 3110 Vltro,
465 3045 620 3113 antequam
644 3057 757 3098 omnem
779 3041 810 3097 in
831 3057 883 3097 vos
906 3040 1014 3098 deduxi
1037 3043 1205 3111 exercitum,

347 3135 432 3205 Quod
454 3135 512 3192 iam
535 3140 709 3207 statueram;
734 3151 790 3207 quo
812 3135 891 3204 victi,
915 3151 974 3192 non
995 3135 1051 3192 hoc
1073 3136 1138 3193 loco

278 3248 333 3290 1410
348 3229 406 3286 Res
419 3233 534 3286 vestrae
553 3234 652 3287 essent
667 3246 760 3302 neque
774 3229 848 3286 tanti
860 3229 938 3301 apud
950 3247 1005 3288 mc.
1029 3230 1183 3303 Nunquam
1196 3248 1251 3304 ego

350 3323 478 3380 Cruento
502 3323 599 3380 Marte
623 3324 716 3381 victos
739 3341 816 3396 pono
839 3325 996 3395 principes,

349 3417 484 3486 Quamvis
507 3417 538 3474 in
560 3434 650 3489 regno
673 3418 783 3489 patiar;
808 3418 860 3475 sed
883 3419 932 3490 qui
954 3423 1105 3475 transeunt

348 3511 458 3584 Sponte
481 3511 520 3568 ad
542 3528 587 3569 me
611 3512 716 3584 quique
739 3513 898 3569 amicitiam
921 3517 1051 3570 nostram
1074 3513 1206 3571 ambiunt

351 3605 453 3664 Priore
476 3611 544 3678 post
567 3612 680 3679 tergum
702 3605 806 3664 relicto
829 3607 970 3679 principe,
