2824 4196
292 271 329 327 92
487 280 700 340 9199999999,
722 282 926 326 ranunculus.
950 271 1002 338 ΙΙΙ,
1028 271 1056 330 4.

662 456 890 530 Porphyrius.

517 551 673 608 Parrhasia
696 557 748 607 est.
774 550 1007 622 contemplatum
1030 553 1109 609 venit

361 647 458 703 Novas
481 662 528 702 res
553 651 582 702 et
604 650 683 702 tuam
706 645 780 702 adeo
804 644 1056 717 magnificentiam.
1125 688 1128 693 -

650 765 901 822 Pammachius.

362 862 462 918 Recte.
488 860 594 917 Verum
617 877 652 917 uc
677 861 715 916 sit
736 860 868 928 molesta,
894 860 1011 918 suadeo.

360 956 435 1012 Novi
458 955 631 1011 Parrhasiae
655 971 750 1010 mores
775 955 862 1010 etiam
886 959 980 1011 antea.

361 1047 529 1105 Praefractc
553 1048 627 1105 solet
650 1065 780 1119 arguere,
806 1049 940 1120 quicquid
964 1049 1107 1122 displicet.

290 1162 345 1203 ross
360 1143 486 1200 Potesne
510 1143 603 1210 silere,
629 1139 751 1199 mulier?

674 1263 875 1319 Parrhesia.

721 1357 844 1428 Optime.
869 1357 903 1413 In
926 1358 1061 1430 angulum
1083 1357 1159 1414 huuc

360 1452 525 1510 Concedam
549 1457 579 1508 et
601 1452 723 1522 digitum
746 1452 790 1508 ori
813 1468 974 1523 supponam
996 1468 1069 1509 meo.

648 1565 901 1621 Pammachius.

273 1711 275 1716 .
360 1659 407 1716 Sic
430 1659 533 1717 facito!
557 1660 675 1725 Videas,
700 1659 812 1726 audias
836 1675 895 1715 non
918 1675 1032 1730 arguas.

673 1779 874 1836 Parrhasia.

358 1875 433 1931 Num
456 1874 503 1930 hic
527 1879 571 1931 cst
594 1872 719 1930 Satanae
743 1871 881 1942 regnum?

646 1984 899 2041 Pammachius.

873 2079 948 2148 Quid
972 2076 1035 2136 ais?

674 2189 874 2247 Parrhesia.

1002 2285 1050 2341 Nil
1073 2285 1216 2356 equidem.

286 2387 354 2440 [Gabl
380 2376 438 2434 Sed
461 2377 628 2434 tussiebam.

646 2487 898 2546 Pammachius

608 2582 722 2651 Mulier,
748 2584 772 2638 si
795 2584 922 2652 verbum,
948 2583 1031 2640 cavel

286 2695 341 2736 1990
356 2676 399 2732 Tu
423 2675 567 2748 Porphyri
591 2678 695 2748 origito
720 2678 889 2735 cathedram
917 2683 946 2734 et
969 2677 1106 2735 subsellia

355 2770 525 2842 Disponitoq
550 2773 679 2842 parietes
703 2772 809 2829 vestito
832 2789 969 2842 purpura,

354 2865 473 2922 Aulaeis
498 2871 590 2922 totum
614 2883 781 2923 consessum
806 2867 922 2935 surgito,
948 2867 1039 2922 solum

355 2959 512 3016 Iusternito
536 2961 692 3030 tapetibus
717 2978 805 3031 supra
829 2967 916 3031 caput

352 3052 515 3110 Cadurcum
538 3055 686 3112 immincat
709 3072 779 3112 auro
803 3057 1000 3124 intertextum,
1026 3055 1093 3111 dein

286 3165 340 3206 1995
355 3147 393 3203 Et
419 3165 517 3204 sacros
541 3149 625 3206 nobis
649 3153 803 3220 exportato
828 3149 959 3205 codices!

655 3269 886 3340 Porphyrius

355 3361 477 3430 Adsunt,
503 3363 661 3434 soliumque
685 3363 738 3419 tihi
762 3368 807 3419 ost
828 3368 963 3434 paratum
992 3363 1119 3420 Persice.

643 3483 896 3540 Pammachius.

355 3575 490 3634 Cortinas
515 3578 629 3649 applica
653 3583 683 3634 91
706 3579 838 3646 extende,
863 3583 896 3635 nt
919 3579 1029 3636 vestiar
1052 3564 1126 3650 999,ν

353 3671 399 3728 Ι)9
423 3671 559 3730 diadema
582 3673 688 3744 triplex
712 3678 741 3728 et
765 3674 853 3743 captiti
877 3674 1008 3743 imponas
1032 3674 1115 3731 meo!
