2824 4188
238 244 277 301 36
446 253 662 312 aeconomus,
684 254 890 300 annunciatus
913 243 937 312 Ι,
962 245 991 302 t.

294 432 333 488 Vt
354 431 478 500 nescias,
503 429 676 502 quidnobis
699 434 786 502 atque
810 431 940 488 ecclesiis

294 525 456 583 Conveniat
478 529 507 582 et
530 522 633 596 quibus
656 526 801 582 concessis
824 526 949 582 maxime

237 639 279 682 aaa
294 620 500 692 Triumphetis.
524 619 589 691 Ego
612 620 643 675 in
663 619 696 676 id
716 619 882 677 incumbam
904 619 1083 692 perfortiter,
1155 652 1158 657 -

294 717 339 773 Ne
361 713 579 787 ingratitudinis
602 713 787 772 succumbam
810 715 932 794 crimini.

612 825 852 897 Porphyrius'

297 922 328 1004 Si
350 922 402 992 vie,
426 925 519 993 pater,
545 919 639 978 dicam
662 924 692 976 et
714 919 886 992 compendio
910 920 1034 992 quidem.

598 1030 849 1088 Pammachius.

297 1128 406 1186 Dicito.

614 1236 844 1308 Porphyrius.

438 1332 575 1401 Primum,
601 1330 718 1400 Caesar,
742 1336 810 1402 post
833 1347 973 1390 concessa
994 1331 1050 1389 hoc
1073 1331 1124 1389 da:

299 1428 405 1485 Omnes
427 1427 533 1498 ubique
557 1424 720 1498 efflagitant
742 1425 892 1495 ecclesiae,
916 1431 949 1482 ut

243 1541 286 1582 roo
301 1523 446 1579 Immunes
469 1522 527 1578 sint
550 1527 580 1578 et
602 1537 620 1577 a
642 1521 767 1591 liturgiis
790 1525 902 1577 vacent.

645 1631 813 1688 Iulianus.

301 1728 379 1797 Quos
402 1727 534 1784 nominas
558 1725 746 1783 ecclesiarum
768 1722 905 1782 nominc?

243 1833 311 1886 [ora]
332 1822 510 1894 Populnmne
534 1837 571 1878 an
594 1820 731 1878 doctores
755 1835 854 1876 omnes
878 1823 908 1876 et
930 1817 1103 1892 episcopos?

617 1931 846 2003 Porphyrius.

303 2028 466 2100 Episcopos
489 2027 607 2099 inquam
630 2030 660 2083 et
682 2024 818 2083 doctores
842 2024 935 2096 plebis
959 2029 989 2082 et

303 2123 480 2194 Quicumque
505 2120 676 2178 clericorum
699 2119 853 2191 splendent
874 2119 999 2176 nomine.

648 2231 817 2288 Iulianus.

246 2347 288 2389 735
304 2327 364 2385 illis
387 2326 473 2385 facile
495 2331 594 2399 potest
617 2325 738 2382 concedi
760 2325 935 2394 immunitas

301 2422 425 2480 Etiamsi
448 2420 535 2479 rebus
559 2420 731 2478 detrahatur
755 2419 888 2491 puhlicis.

620 2539 850 2611 Porphyrius.

303 2636 417 2694 Deinde
441 2635 626 2707 episcopatus
650 2651 750 2692 omnes
776 2633 909 2690 maximis

233 2763 235 2766 ·
305 2731 397 2788 Omes
421 2729 523 2802 opibus
548 2735 578 2787 et
599 2729 763 2800 principum
786 2727 958 2784 substantia.

650 2849 820 2906 lulianus.

303 2946 338 3014 A,
364 2944 507 3017 quiduis,
530 2940 694 3015 Porphyri?
718 2942 782 3014 Ego
808 2941 891 2998 vohis
915 2956 1097 3012 concessero,

249 3059 291 3101 nro
307 3040 392 3109 Quod
414 3039 452 3096 ad
475 3039 582 3096 victum
605 3039 677 3095 satis
701 3042 754 3095 est.
778 3037 819 3094 Et
841 3036 866 3092 si
889 3036 974 3105 haee,
1004 3051 1076 3108 quae
1105 3033 1222 3101 contuli,

307 3134 374 3191 Non
396 3131 553 3202 sufficiunt,
578 3132 684 3189 addam
707 3132 827 3200 maiora,
853 3129 1006 3201 Porphyri.

307 3228 355 3285 Ad
378 3226 551 3299 quidnobis
575 3231 672 3283 tantas
696 3242 766 3297 opes
791 3223 959 3281 doctoribus

308 3322 462 3393 Quaeritis
487 3327 519 3378 ut
542 3321 587 3378 vel
609 3337 729 3391 magnos
752 3319 882 3391 aequetis
905 3313 1071 3390 principes?

319 3567 353 3600 72⁹
371 3564 400 3620 O.
420 3565 442 3618 I.
463 3565 495 3617 de
514 3563 650 3617 immunit.
670 3563 763 3616 ecc-les.
783 3561 830 3614 lib.
849 3563 873 3615 6.

320 3651 354 3687 '¹³³
371 3654 406 3705 80
424 3651 488 3704 dist.
509 3665 567 3717 cap.
587 3647 725 3716 Episcopi.
