2824 4196
298 242 337 299 46
507 251 722 312 usoououova
745 253 951 299 hauriemus.
976 243 999 312 Ι,
1025 244 1051 301 6.

296 440 364 494 [nob]
655 428 908 487 Pammachius.

352 524 432 582 Bene
455 521 553 581 habet.
577 521 735 580 Doceudus
759 528 813 594 est
838 541 923 596 quam
949 525 1008 582 siut
1030 525 1161 598 episcopi
1183 531 1214 584 et

351 618 497 676 Doctores
521 633 620 675 omues
647 617 795 690 digniores
818 617 955 676 Caesare.

352 714 415 771 Iam
437 712 491 770 tibi
506 713 582 769 'mox
603 712 761 784 impetrata
784 711 910 771 Satanae
932 713 1028 785 gratia
1061 751 1063 758 ·

352 808 427 865 Illud
448 807 559 880 negotii
582 807 629 876 do,
653 811 687 863 ut
709 823 808 864 omues
831 806 965 865 subditos

295 921 337 964 ero
353 903 399 960 Ab
422 902 499 960 illius
523 902 618 959 solvas
642 899 838 959 oboedientia.

667 1012 895 1086 Porphyrius.

235 1163 239 1170 .
350 1109 438 1178 Satis,
462 1124 517 1181 quo
540 1111 627 1180 paoto
651 1107 682 1164 id
703 1105 768 1164 fieri
783 1101 891 1179 possit.
917 1108 1017 1166 calleo.

350 1205 435 1275 riguo
458 1201 512 1259 tibi
534 1195 680 1259 mitiorem
703 1200 812 1259 dedero
837 1201 1001 1259 Gaesarem.

349 1297 471 1354 Videbis
492 1297 555 1369 ipsc
579 1300 608 1353 et
630 1296 791 1368 practicam
812 1295 965 1374 mirabere.

651 1416 905 1496 Pammachius.

349 1511 503 1570 Eiusmodi
525 1511 556 1568 iu
578 1511 627 1568 illo
651 1512 792 1583 exempla,
817 1511 970 1584 Porphyri,
996 1512 1085 1582 edito,

292 1625 335 1668 aaa
350 1607 395 1664 Ne
419 1606 481 1678 quis
504 1605 629 1678 posthac
650 1622 762 1663 mecum
785 1606 893 1663 audeat
916 1602 1102 1665 contendere.

664 1723 894 1796 Porphyrius.

314 1825 316 1830 '
339 1821 383 1893 Ι0,
407 1820 448 1876 nil
470 1835 543 1890 opus
565 1822 612 1876 est
633 1819 726 1890 iussu3
751 1817 914 1876 confectum
930 1819 1065 1889 credito!

651 1929 904 1987 Pammachius.

348 2025 388 2084 Et
409 2029 442 2082 ut
465 2023 574 2082 cunctis
597 2024 706 2081 nostris
732 2023 830 2114 faveat
852 2024 1014 2094 conatibus,
1058 2075 1062 2080 .

349 2119 453 2178 Gladio
476 2123 577 2176 utatur
598 2123 700 2176 nostra
723 2119 815 2176 solum
839 2117 1043 2178 ex'scntcntia
1058 2121 1096 2178 'et

348 2214 407 2272 Sua
430 2213 509 2270 omni
530 2211 615 2269 nobis
639 2213 749 2270 serviat
769 2214 911 2284 potentia.

663 2323 892 2396 Porphyrius.

292 2439 334 2480 oso
349 2417 518 2478 Incumbam
540 2418 769 2490 necquicquam
792 2417 895 2476 diffido
919 2417 1046 2477 certiore.
1112 2447 1130 2490 2

649 2529 903 2587 Pammachius.

347 2624 419 2680 Tum
441 2639 538 2680 rerum
561 2624 586 2680 si
609 2624 688 2680 illum
710 2623 850 2681 habemus
873 2623 1018 2682 fautorem
1041 2626 1167 2684 omnium
1243 2637 1246 2643 “

346 2719 390 2775 Ac
412 2724 620 2790 promotorem,
645 2723 809 2776 ceterorum
832 2735 980 2790 opponere

349 2811 385 2870 Se
409 2812 532 2869 audebit
551 2829 645 2870 nemo.
670 2812 717 2869 Ab
740 2812 874 2870 omnibus
896 2812 1088 2870 laudabimur.

659 2921 890 2994 Porphyrius.

347 3016 553 3074 Pulcherrima.

648 3127 901 3185 Pammachius.

597 3220 655 3280 Sed
678 3222 734 3279 hoo
758 3221 917 3279 curandum
941 3227 1008 3279 ante
1031 3223 1137 3296 omnia,

287 3333 330 3375 oss
346 3314 461 3373 Servire
483 3331 537 3373 nos
561 3315 687 3373 Satanae
710 3315 804 3372 nullus
827 3321 860 3372 ut
881 3315 1040 3388 intellegat.

657 3434 890 3507 Porphyrius

345 3537 462 3596 Christo
487 3513 638 3596 dumtaxat
660 3539 819 3597 serviamus
840 3539 965 3608 nomino,

344 3634 385 3690 At
406 3631 485 3691 facta
509 3632 635 3691 Satanae
659 3651 694 3692 ex
718 3632 843 3692 officinis
867 3633 1020 3706 prodeant,
