2824 4188
243 276 281 334 38
451 286 665 346 nnoanoacvs
689 288 895 334 7777777777.
920 277 943 346 Ι,
968 278 999 334 4.’

301 464 462 525 Doctrinae
484 468 551 521 tum'
569 464 685 522 demum
707 465 866 526 accesserit
888 466 1057 535 auctoritas
1085 461 1087 464 ’

300 558 371 616 Cum
393 575 447 617 nos
471 557 608 616 sublimes
632 564 661 616 et
683 559 831 631 praelatos
855 559 987 617 omnibns

298 651 510 725 Conspexerint
531 653 672 714 homines,
698 653 771 710 Tum
792 670 851 711 non
873 658 905 710 ut
927 653 1067 712 hactenus

295 747 443 805 Docentes
466 765 519 806 nos
542 747 692 805 inriserint
714 765 807 820 neque
829 747 962 805 manibus
1038 791 1041 798 ,

241 841 453 901 cordunculas
477 843 551 900 asini
573 841 719 912 finxerint,
744 843 796 900 sed
819 843 918 899 cernui
942 847 970 900 et

298 935 325 992 A
347 935 432 1008 longe
455 935 619 994 doctrinam
640 941 771 994 nostram
794 937 984 1008 susceperint.
1064 980 1065 984 ,

582 1093 584 1099 ·
605 1057 844 1129 -Porphyrius

297 1159 344 1218 Sic
368 1164 423 1248 est.¹
446 1160 631 1248 Qnaproptcr
652 1160 731 1218 haud
753 1161 818 1219 ioco
841 1161 916 1218 istuc
940 1161 1113 1233 quaerimus

641 1271 813 1329 Iulianus.

300 1363 384 1422 Serio
407 1363 514 1438 igitur?

612 1485 843 1558 Porphyrius

530 1589 664 1648 Prorsus.

640 1709 811 1766 Iulianus

492 1868 496 1875 ,
646 1800 648 1804 ’
684 1811 841 1879 Remeato,
865 1815 965 1882 patres
987 1811 1053 1880 mei,
1078 1812 1212 1880 animum,

238 1915 307 1968 [Dm]
327 1905 389 1963 Neo
411 1910 526 1964 vestrae
548 1906 605 1963 huc
630 1905 822 1978 cogitationes
845 1904 987 1962 incidant!

238 2017 281 2060 rso
296 1999 413 2058 Maiora
435 2001 583 2073 quaeritis,
606 2017 691 2077 quam
714 2001 867 2072 episcopos
891 1999 983 2057 decet.

297 2083 438 2166 Episcopi
461 2095 586 2153 doceant
609 2101 639 2152 et
661 2093 750 2152 verbo
775 2094 904 2152 ecclesiis

295 2187 438 2258 Praesint‚
462 2189 551 2246 verbo
575 2186 729 2247 hortentur
752 2188 897 2260 verboque
922 2189 1077 2270 corrigant,

294 2281 401 2340 Sanam
423 2283 448 2340 si
471 2284 533 2356 quis
557 2288 659 2340 contra
682 2282 846 2339 doctrinam
867 2283 982 2338 vixerit.
1075 2302 1078 2305 ·

294 2375 436 2434 Pecuniae
460 2393 587 2450 opesque
613 2378 695 2434 avari
718 2381 903 2448 congregent,

240 2489 283 2531 785
297 2468 492 2529 Dominentur
512 2472 667 2544 principes,
694 2471 837 2543 ducesque
860 2471 992 2544 militent,
1077 2546 1078 2549 Ἴ

295 2565 434 2626 Romanis
457 2565 636 2639 Tusciaeque
660 2565 770 2623 Caesar
791 2565 923 2637 imperet.

296 2659 343 2718 Sic
367 2657 605 2735 ordini'quisq'ue
629 2679 681 2718 suo
704 2659 808 2718 fecerit
834 2661 915 2718 satis.

608 2781 843 2853 Porphyrius.

295 2884 342 2942 Ho
365 2885 413 2954 hc,
438 2885 526 2943 etiam
549 2901 602 2942 nos
626 2884 774 2951 docturus
800 2882 917 2946 Caesar.
942 2879 1082 2940 advenis?

257 3005 260 3013 Α
295 2979 418 3036 Annos
442 2977 579 3042 doctores
603 2995 667 3036 esse
690 2979 807 3050 ignoras
831 2982 891 3034 tam
914 2983 980 3034 tuos

208 3117 212 3124 .
238 3090 281 3134 797
297 3073 389 3142 Quam
406 3071 638 3131 Christianorum
662 3071 808 3130 omnium?
832 3071 894 3129 Nos
918 3070 1037 3140 audias„

294 3167 387 3224 Nobis
411 3167 605 3240 obtemperes
630 3167 655 3224 si
678 3165 826 3224 Christum
852 3165 970 3244 diligis

295 3262 321 3318 A
344 3261 428 3318 nobis
453 3262 540 3332 disce,
566 3279 621 3334 quo
645 3266 731 3333 pacto
756 3277 808 3317 suo
832 3259 928 3316 ordini

281 3344 422 3427 ¹Quisque
445 3355 622 3413 satisfaciat!
645 3355 712 3412 Non
736 3355 869 3411 exoriare
893 3353 998 3426 denuo,
1102 3423 1105 3426 Ι

295 3449 350 3520 Qui
372 3450 457 3508 nobis
479 3455 638 3523 praecepta
661 3450 712 3506 det
734 3453 785 3505 aut
807 3449 959 3520 quicquam
982 3448 1118 3520 corrigat.

598 3577 850 3636 Pammachius.
885 3585 886 3590 ’

194 3673 396 3746 ¹aasReote.
463 3669 465 3675 ⁴
