2824 4188
396 257 610 317 nnoouoaova
634 261 841 306 ennaremus,
866 251 889 320 Ι,
917 255 942 308 1.
1114 253 1149 312 19

238 433 279 488 At
300 433 348 490 ille
371 434 482 491 auratis
506 440 625 492 ornatus
649 437 705 493 erit
732 437 847 494 oaloeia

65 599 67 606 Α
180 527 460 600 [aaa1Evangolinm
483 529 591 587 docens
614 531 768 602 peragravi
792 532 913 604 oppida3

237 622 369 679 Bellator
390 622 437 680 ille
461 629 588 682 annatus
613 625 710 696 cinget
731 626 831 682 milite.

179 735 223 776 aaa
239 716 383 774 Turbatus
405 717 557 789 pacificavi
581 720 789 791 conscientiam

238 811 289 868 Ille
313 811 417 883 qnietis
440 812 534 870 hostis
561 814 617 870 erit
641 815 836 872 conscientiis,

238 905 314 963 Meis
338 923 392 978 ego
416 907 525 964 divitiis
547 907 633 966 beavi
655 909 810 982 plurim0s3

238 1001 404 1073 Regnorum
426 1001 474 1059 ille
497 1003 625 1060 omnium
647 1003 757 1061 loculos
781 1004 942 1062 exhauriet.
988 1018 989 1022 ’

237 1095 455 1154 Testamentum
478 1113 599 1169 quoque,
623 1098 700 1170 quod
722 1099 753 1155 in
776 1115 848 1157 oena
871 1100 998 1169 condidi,

179 1209 223 1251 noo
238 1191 362 1248 Tantum
384 1208 420 1247 ne
443 1208 555 1248 mecum
578 1193 682 1264 sapiat,
708 1198 803 1252 vertet
824 1193 946 1265 perfide.

110 1275 113 1282 ’
238 1286 272 1342 In
295 1303 413 1355 samma,
438 1286 510 1343 nihil
531 1304 658 1359 unquam
680 1304 745 1345 meo
769 1305 800 1346 se
823 1289 938 1345 nomine

237 1380 330 1450 Texit‚
356 1380 432 1452 quod
456 1381 498 1437 sio
520 1387 664 1453 pugnaret
686 1399 798 1440 meeum
821 1399 857 1440 ex
880 1383 1031 1441 diametro.

600 1493 737 1550 Petrus.

238 1587 394 1656 Horresco
419 1583 566 1659 magister,
591 1593 703 1645 tantum
727 1588 830 1645 abste
854 1589 975 1646 audiens
998 1591 1065 1647 mali

236 1684 281 1740 De
304 1682 500 1751 Pammachio,
525 1699 610 1754 quem
633 1699 686 1755 ego
709 1683 809 1754 putavi
831 1681 895 1740 fore
919 1685 1066 1755 optimum.

180 1796 223 1839 goa
239 1777 297 1834 Sed
319 1777 527 1846 AntichristuS,
552 1782 692 1850 quantum
713 1794 790 1834 nuno
815 1772 962 1849 intellege,

237 1872 279 1928 Et
300 1873 374 1929 reoti
396 1871 521 1943 fideique
545 1871 652 1928 evadet
674 1865 886 1951 πανολεθρία.

504 2000 507 2006 ·
600 1973 737 2030 Paulus.

236 2070 302 2126 Isne
326 2073 379 2141 est,
407 2068 455 2140 qui
479 2067 586 2125 dudum
609 2067 752 2123 Iulianum
776 2065 931 2124 Caesarem

236 2163 277 2220 Et
298 2181 356 2222 una
380 2179 444 2220 oum
465 2162 515 2220 illo
538 2179 672 2234 magnam
695 2161 909 2219 multitudinem

237 2258 316 2328 Tuis,
339 2258 487 2330 magister,
512 2256 607 2314 verbis
632 2256 715 2313 duxit
737 2256 775 2313 ad
797 2253 905 2313 fidem?

583 2367 754 2426 Christus⁴

180 2481 223 2523 aoo
239 2463 311 2521 Rem
335 2464 439 2534 tangia

596 2556 736 2614 Paulus.

469 2650 510 2706 Et
532 2657 592 2709 tam
616 2652 674 2709 eito
698 2651 736 2708 ad
759 2651 838 2708 aliud
861 2648 1040 2708 mutabitur?

581 2761 752 2819 Christua

238 2856 372 2914 Humana
395 2857 437 2913 sie
460 2861 526 2914 sunt
548 2857 664 2929 ingenia
686 2873 780 2928 prona
805 2857 834 2912 in
857 2857 972 2924 malum,

237 2950 308 3009 Mox
330 2956 363 3006 ut
385 2951 483 3008 divina
506 2951 563 3008 alio
587 2951 682 3024 gratia
705 2951 881 3008 discesserit.

596 3061 736 3120 Petrus.

237 3157 344 3214 Pereat
365 3157 423 3225 ille,
446 3161 479 3214 ut
501 3162 637 3226 meretur,
667 3174 731 3213 oum
755 3155 914 3224 sodaliban,

238 3251 368 3322 Totaque
391 3250 487 3308 farina
509 3252 582 3309 haee
605 3256 633 3309 to
658 3251 827 3323 experiatur
848 3251 983 3307 iudicem.

178 3365 221 3406 aoa
237 3345 295 3403 Sed
318 3351 456 3418 quantum
477 3346 557 3404 hisee
580 3346 664 3403 malis
688 3346 865 3402 eonstituisti
889 3341 1048 3418 temporis?

583 3456 757 3514 Christus.

237 3551 383 3623 Tempora
405 3552 465 3609 suis
490 3556 557 3608 sunt
579 3550 736 3622 praefinita
758 3550 899 3619 terminis,

176 3657 245 3710 [aaa]
266 3645 344 3716 Quos
367 3652 397 3704 te
420 3647 494 3704 scire
516 3645 587 3702 nihil
611 3662 697 3717 opus:
722 3662 803 3702 snam
825 3645 973 3701 invenient
995 3644 1079 3702 viam.

916 3742 948 3793 2*
