2824 4196
379 284 592 345 0100000000,
615 287 821 334 0100100100.
845 277 883 346 ΙΙ,
910 278 938 334 3.
1105 278 1144 336 59

239 463 286 519 An
308 462 437 531 nescitis,
463 466 600 534 quantum
623 462 745 520 libertas
770 464 807 520 sit
829 462 958 522 bonum?

240 557 286 614 En
309 573 414 628 magna
435 561 565 614 vestrum
587 557 746 614 multitudo
766 563 819 615 est.
844 559 979 628 Hercule,

169 670 227 712 raro
242 652 376 724 Iniquum
399 655 428 709 et
450 651 657 722 paenitendum
681 667 698 708 a
719 653 907 724 paucioribus

241 747 275 802 In
299 747 469 803 servitutem
491 745 594 817 redigi.
620 745 712 803 Vobis
736 763 817 804 arma
840 753 907 804 sunt

241 840 383 912 Viresqne
406 840 558 912 ingenuae,
582 840 639 896 illis
663 841 800 898 mollities
825 840 918 898 officit

241 935 382 1007 Viresque
406 935 588 992 effeminatae
612 939 642 991 ct
660 935 804 992 insuetae
819 952 921 994 manus

241 1030 406 1086 Armorum.
431 1029 491 1086 Vos
513 1029 629 1098 bonam,
653 1030 696 1086 illi
720 1046 837 1087 causam
860 1031 1017 1102 pessimam

168 1142 225 1186 1015
241 1123 367 1193 Habent,
393 1124 439 1181 cui
462 1128 492 1181 et
515 1124 655 1180 caelestes
679 1123 864 1181 adversarior

241 1219 388 1290 Vobisque
411 1219 561 1290 suppetias
583 1217 660 1275 ferre
685 1223 730 1275 est
753 1219 955 1276 certissimum.

240 1313 345 1371 Nonne
368 1317 436 1370 ante
459 1329 510 1369 vos
533 1313 626 1369 tulere
649 1313 888 1382 Atheniensibus,

240 1409 389 1477 Romanis
413 1407 655 1464 Lacedaemoniis
679 1413 709 1464 et
731 1408 927 1479 compluribus

241 1500 336 1560 Aliis?
361 1501 445 1572 Quod
469 1502 494 1558 si
516 1501 599 1559 vobis
622 1502 679 1572 ipsi
703 1501 856 1558 defueritis

170 1617 227 1659 mac
242 1599 336 1668 Nunc,
362 1613 426 1654 cum
449 1597 507 1662 tale
529 1596 602 1652 nihil
625 1597 820 1668 suspicantur,
845 1601 949 1668 postea

240 1692 312 1749 (ium
334 1692 502 1763 angustiati,
527 1689 648 1760 adflicti,
674 1693 816 1762 oppressi,
840 1691 949 1763 perditi

169 1787 457 1852 [0001Ε1001010010
482 1791 510 1842 et
533 1785 669 1858 gravibus
694 1785 816 1858 denique
844 1785 989 1854 oneribus,

240 1882 358 1939 Flentes
382 1881 586 1949 clamaveritis
610 1881 761 1938 adiuturos
786 1880 856 1937 deos

240 1977 338 2034 Nolite
362 1975 494 2048 sperare!
517 1976 618 2047 Neque
643 1975 719 2032 enim
741 1975 806 2032 illos
830 1974 959 2041 audiunt,

168 2090 226 2133 1000
241 2071 296 2140 Qui
318 2071 506 2142 neglegenter
527 2070 584 2141 ipsi
607 2074 637 2126 et
658 2070 733 2126 male
756 2069 885 2126 tractant
908 2085 968 2126 sua.

241 2165 306 2222 Hoc
328 2166 386 2222 iam
409 2166 466 2222 iam
490 2181 507 2221 a
529 2163 612 2221 vobis
636 2165 773 2236 coniuges
796 2168 826 2220 et
847 2162 932 2220 liberi

241 2259 339 2316 Vestri
361 2260 473 2331 magnis
496 2259 648 2330 requirunt
671 2257 798 2324 vocibus,
823 2258 925 2330 quibus

241 2356 301 2410 Aut
322 2354 488 2411 libertatem
510 2353 684 2426 pepereritis
708 2353 904 2410 dulcissimam
927 2357 977 2410 aut

242 2449 275 2505 ln
300 2449 469 2506 servitutem
492 2447 674 2504 tradideritis
698 2447 860 2519 perpetim!

169 2562 226 2604 1290
242 2544 296 2600 His
320 2548 350 2600 et
372 2544 436 2600 aliis
461 2542 546 2600 dictis
569 2543 641 2599 moti
665 2543 753 2598 animi
778 2543 890 2610 civium,

241 2639 335 2695 Faces
358 2643 387 2694 et
410 2654 491 2694 arma
514 2637 683 2708 corripiunt.
708 2636 869 2692 Funeribus

242 2733 276 2788 ln
299 2733 409 2789 curiam
433 2731 620 2801 contendunt,
646 2731 814 2802 opulentum
837 2731 939 2787 domos

238 2827 396 2898 Diripiunt,
420 2826 587 2895 incendunt,
612 2829 801 2898 prosternunt
824 2825 925 2882 obvios

241 2922 385 2994 Quosque.
409 2921 560 2977 Tumultus
585 2920 749 2992 clamorque
771 2920 872 2990 ingens
895 2918 1061 2976 vocantium

168 3036 225 3079 1000
240 3017 288 3074 Ad
310 3017 417 3088 pileum
440 3015 693 3086 expetendumque
716 3014 861 3086 principes

240 3111 489 3183 Magistratusque
512 3109 550 3166 ad
571 3125 704 3181 poenam.
729 3111 769 3164 nt
791 3125 869 3180 pars,
894 3123 966 3180 quae
990 3107 1089 3165 sanior

238 3206 320 3274 Erat,
346 3210 424 3261 stare
448 3221 465 3261 a
487 3202 716 3276 magistratibus,
742 3219 896 3260 occurrere

243 3299 407 3368 Seditiosis,
433 3299 538 3356 caedes
562 3303 627 3356 orta
650 3301 695 3354 est
717 3297 888 3353 miserrima.

240 3394 293 3452 His
318 3397 476 3465 occupatus
498 3392 540 3450 fui
562 3409 616 3464 per
637 3393 781 3463 integrum
806 3391 890 3448 diem.

575 3485 736 3543 Satanae.

168 3601 224 3643 1000
238 3583 340 3655 Neque
363 3599 483 3653 prorsus
506 3582 579 3638 lraec
602 3579 675 3638 abiit
698 3581 759 3637 sine
782 3580 859 3636 linea
882 3579 954 3636 dieo.

240 3667 288 3747 At,
314 3676 440 3746 Chremi,
465 3693 537 3748 quae
561 3680 612 3732 tua
633 3673 751 3731 fuerunt
772 3671 910 3746 negotia?
