2824 4196
341 280 555 340 1111111111,
578 283 785 336 ranunculus.
810 271 833 342 Ι,
858 273 891 344 4;
917 273 944 336 ,5.
1091 274 1131 332 43

530 458 762 532 Porphyrius

216 553 335 622 Eamus,
359 552 458 625 pater!
481 553 569 611 Haud
591 553 721 626 prodest,
735 555 808 618 haec
836 555 993 613 contentio.
1050 567 1053 572 ·

518 665 772 724 Pammachius.

217 758 311 817 Crede
334 759 413 830 mihi,
436 757 554 829 Caesar,
579 760 605 816 si
626 761 741 818 vixero!
816 799 817 804 η

560 871 730 929 Iulianus

773 966 840 1023 Non
862 983 907 1024 me
931 965 1016 1024 minis

167 1093 168 1096 =
215 1059 331 1118 Vinces.
355 1057 446 1118 Abito
470 1064 500 1117 et
520 1076 625 1132 pereas
648 1059 736 1117 male!
818 1081 822 1090 ¹
852 1055 854 1062 '

465 1173 467 1179 ‘
512 1171 769 1252 Pammachius.

771 1266 815 1323 Tu
838 1265 977 1338 pessime!

212 1359 272 1418 Sed
293 1359 375 1430 heus,
399 1359 538 1433 legiones,
562 1367 632 1434 quas
655 1366 749 1433 potes,
773 1361 830 1420 huc
853 1361 1006 1419 adducito!

364 1642 366 1648 r
444 1613 568 1672 AOTVS
592 1615 614 1671 Ι.
661 1614 790 1672 SCENA
812 1616 846 1673 V.

557 1769 727 1827 Iulianus.

152 1900 197 1942 aas
213 1881 278 1938 Nisi
300 1897 346 1937 me
369 1878 444 1938 fallit
466 1881 588 1950 animus,
612 1898 748 1953 magnum
771 1881 821 1938 isti
843 1881 974 1938 homines
998 1881 1109 1940 dabunt

211 1975 329 2033 Malum.
355 1973 431 2044 Quid
454 1975 530 2032 enim
552 1975 628 2032 ultra
651 1991 779 2046 sperem,
804 1975 919 2047 quando
943 1977 1073 2048 episcopi
1100 1981 1130 2033 et

209 2069 437 2127 Doctorestam
459 2085 598 2140 perversa
621 2067 771 2141 cogitant?
795 2069 865 2139 Quis
889 2075 941 2138 est,

211 2163 266 2234 Qui
288 2179 347 2221 nou
368 2163 439 2220 hinc
457 2161 528 2220 fidei
550 2163 745 2220 calamitatem
769 2180 888 2236 surgere

160 2300 162 2304 .
210 2255 387 2315 Existimet‘?
411 2244 523 2329 Aperte
546 2257 649 2326 dicam,
675 2257 752 2330 quod
775 2259 879 2316 sentio.

148 2371 193 2413 111
207 2353 274 2410 Non
297 2369 315 2409 a
337 2351 393 2410 deo
415 2353 508 2409 istaec
531 2353 653 2410 consilia
675 2351 808 2424 profecta
831 2358 906 2422 sunt,

207 2447 271 2504 Nec
293 2445 423 2518 episcopi
446 2445 598 2504 conatibus
622 2446 667 2504 his
692 2445 802 2504 Christi
824 2447 901 2504 viam

208 2541 433 2613 Autquaeruut
455 2545 506 2598 aut
528 2541 686 2598 inveniunt.
712 2540 788 2610 Quin
809 2541 907 2613 potius
930 2541 999 2599 mali

207 2634 484 2707 Mendaciorumque
506 2639 592 2706 pater
613 2635 705 2694 istaec
728 2635 866 2707 suggerit,

207 2729 255 2786 Ad
278 2745 400 2801 eumque
423 2729 552 2800 cogitata
574 2729 697 2786 tendunt
720 2729 825 2787 omnia.

148 2842 193 2884 aaa
207 2823 248 2880 Et
269 2823 374 2881 mirum
395 2823 494 2892 fuerit,
518 2824 544 2880 si
565 2841 624 2881 non
646 2824 707 2881 hoc,
724 2824 788 2895 ipso
812 2807 937 2881 itinere'

206 2918 246 2974 Vt
268 2923 368 2975 oestro
391 2919 532 2990 exagitati
555 2918 593 2974 ad
617 2917 755 2976 Satanam
780 2918 972 2990 perrexerint.

149 3012 323 3078 [1111111111
346 3011 432 3069 nullis
456 3011 492 3069 ab
515 3011 632 3084 incepto
656 3000 839 3070 sermonibus
884 3029 887 3035 ·

204 3105 311 3164 Divelli
333 3111 456 3178 possunt
479 3111 508 3162 et
530 3106 614 3164 nobis
638 3109 698 3164 tam
720 3107 879 3178 incongrua
911 3135 913 3140 ·
1009 3163 1011 3166 .

206 3200 398 3274 Negantibus,
422 3205 455 3256 ut
476 3200 592 3272 imperii
614 3205 732 3258 maneat
755 3200 890 3273 dignitas,

147 3314 191 3356 eoo
204 3294 361 3368 Tragicum
384 3294 521 3366 quiddam
543 3296 697 3352 minantur.
722 3294 847 3352 Tantum
870 3294 1010 3353 audaciae

204 3389 351 3447 Doctores
373 3389 495 3446 incessit
517 3405 652 3446 necnon
675 3389 840 3461 episcopos,

205 3483 370 3541 Adversum
393 3481 535 3540 Caesares
558 3489 590 3540 ut
614 3483 791 3540 contendant
811 3483 909 3544 minis.

205 3578 302 3638 Armis
326 3595 443 3650 possem
466 3577 581 3650 quidem
603 3577 649 3634 his
672 3578 757 3634 minis
780 3578 823 3634 ire
847 3577 971 3646 obviam,

206 3671 265 3729 Sed
288 3673 442 3744 episcopos
465 3671 582 3729 laedere
605 3671 721 3730 videtur
742 3672 871 3744 impium.
895 3711 897 3716 -
