2824 4188
221 465 292 535 Qua,
319 465 342 521 si
365 465 481 537 placeat
502 465 677 536 hominibus
702 483 733 522 se
757 464 866 522 Christi
888 470 977 538 negat

221 559 341 626 Servum
365 577 437 616 esse.
462 559 537 616 Nam
561 561 744 632 displicuisse
766 562 849 618 malis
872 563 998 618 maxima

218 655 297 712 Laus
322 659 374 723 est,
399 657 501 711 contra
524 659 554 712 et
576 672 717 712 summum
739 656 884 727 placuisse
908 657 1043 715 dedecus.

220 749 250 808 Si
273 750 362 821 igitur
385 765 402 805 a
424 753 554 806 veterum
578 749 699 806 discessi
721 751 861 822 vestigiis,

178 844 290 904 collon
311 838 444 918 ἀμαθία
468 844 560 900 solum
582 844 613 900 in
634 861 724 911 causa
747 849 800 914 611,
829 845 881 903 sed
902 847 992 904 multo
1015 848 1108 919 magis
1149 876 1167 905 s

219 939 343 995 Hostilis
367 938 397 995 in
418 938 564 1009 baptismo
588 939 700 995 iuratus
724 939 836 996 animus

219 1033 368 1090 Adversus
391 1049 513 1104 pompas
537 1037 567 1089 et
589 1031 715 1090 Satanae
740 1034 900 1106 collegium.

218 1126 306 1184 Cuius
330 1127 418 1183 animi
441 1131 579 1198 quantum
601 1127 670 1184 licet
693 1145 757 1185 esse
781 1128 910 1201 destin03

218 1221 368 1278 Irascetur
390 1221 514 1278 Satanas
538 1226 567 1278 et
591 1223 705 1280 sentina
727 1223 803 1292 mali,

174 1316 293 1376 1101110
317 1333 362 1374 me
385 1322 606 1388 prosequantur,
632 1322 739 1388 quanto
764 1316 899 1374 conlibet..

211 1405 265 1468 ’οὐ
288 1409 419 1486 νέμεσις,
443 1405 525 1486 ἄμφ’
549 1405 690 1489 ἀληθείᾳ
713 1405 817 1470 πολὺν
838 1407 954 1490 χρόνον

221 1501 302 1572 Τοὺς
324 1498 454 1572 κεδνούς
476 1502 689 1584 Χριστιανούς
710 1499 849 1580 πάσχειν
872 1500 982 1579 ἄλγεα,

213 1595 281 1656 Ἤτ’
305 1593 427 1677 Ἑλένης
449 1593 589 1656 καλλίων
611 1601 745 1657 ποιεῖτ’
768 1595 972 1677 εὐδαίμονας.

219 1695 293 1764 Quia
316 1695 405 1766 igitur
427 1699 459 1750 tu
481 1694 565 1752 nobis
588 1695 698 1766 primus
722 1712 786 1752 eam
810 1696 938 1752 tenebris

173 1808 202 1850 ro
218 1789 394 1861 Oppressam
416 1789 605 1862 Aegyptiacis
628 1790 659 1846 in
681 1791 756 1848 hanc
780 1791 969 1848 clarissimam

175 1895 241 1947 [aaa]
262 1883 380 1956 Lucem,
403 1885 479 1942 irato
504 1885 632 1956 quamvis
656 1884 842 1942 tenebrarum
864 1886 1004 1957 principe,

217 1979 372 2036 Reduxisti
395 1983 425 2035 et
446 1979 555 2049 primos
578 1979 710 2035 incursus
733 1979 861 2035 hostium
959 2050 964 2058 .

140 2063 142 2067 ’
216 2073 257 2130 Ε1
279 2073 500 2145 synorotismum
524 2089 637 2130 onmem
660 2072 786 2130 Satanae
810 2074 953 2131 sodalium

217 2167 305 2224 Scuto
328 2165 398 2224 fidei
422 2172 451 2224 ot
473 2167 570 2238 gladio
594 2167 735 2238 excepisti
759 2169 887 2239 spiritus,

172 2281 201 2322 41
217 2261 279 2332 Quo
304 2279 373 2318 sane
396 2262 526 2334 plurimis
551 2261 658 2318 dedisti
682 2263 816 2332 animum,
841 2268 873 2320 ut
896 2264 980 2320 simul

216 2356 273 2414 Pro
297 2358 422 2414 veritate
446 2357 548 2414 eadem
571 2357 695 2414 subeant
716 2358 855 2428 pericrda,

216 2450 277 2507 Tuo
302 2450 355 2507 sub
378 2453 494 2508 nornine
517 2452 592 2508 hanc
614 2452 723 2522 placuit
746 2453 928 2524 tragoediam

216 2544 410 2617 Spectandam
433 2547 565 2603 veritatis
593 2546 787 2604 sectatoribus

215 2639 322 2710 Edere,
347 2645 380 2696 ut
401 2640 446 2696 his
469 2641 605 2712 primitiis
628 2657 693 2698 mea
716 2657 785 2712 erga
809 2646 837 2698 te
861 2642 993 2699 omnibus

171 2752 200 2794 1ο
216 2733 273 2791 Ρ1ο
298 2735 432 2792 doctrina
454 2741 525 2792 nota
551 2740 629 2792 essct
653 2735 846 2792 observantia.

216 2828 356 2901 Quodque
378 2829 474 2887 fatear
496 2847 542 2908 rne
565 2829 619 2886 tibi
643 2829 749 2887 debere
772 2830 926 2902 plurimum
949 2835 979 2887 ct

216 2923 302 2982 Omni
324 2924 409 2981 velim
431 2924 518 2981 modo
542 2941 587 2981 me
610 2929 725 2995 gratum
749 2925 914 2994 ostendere,
973 2919 976 2925 ’

214 3017 258 3074 Tu
281 3035 389 3090 quaeso
413 3019 548 3090 exiguum
570 3035 629 3075 non
652 3035 772 3090 spernas
795 3020 1002 3091 munusculum,

214 3111 273 3169 Sed
295 3129 341 3170 me
364 3113 504 3170 hactenus
526 3113 658 3184 ignotum
680 3113 734 3170 tibi
757 3113 802 3171 vel
824 3115 955 3172 ultimum

170 3225 199 3266 11
215 3207 293 3263 Tuos
317 3207 394 3264 inter
416 3208 525 3264 amicos
548 3208 657 3266 habere
681 3209 758 3265 sinas
781 3210 885 3278 locum,

214 3300 306 3370 Quom
330 3301 438 3358 dudum
461 3302 547 3362 amici
569 3303 645 3360 ultro
670 3319 700 3360 es
725 3303 859 3375 dignatus
882 3304 1006 3362 nomine.

614 3431 705 3488 Finis.
