2824 4196
264 267 324 324 120
431 277 645 338 uuoouoacvs,
668 278 874 328 ramunculus
899 269 952 337 ΙΙΙ,
978 269 1013 340 53·
1037 269 1063 332 6.

332 453 496 512 Scabellum
518 455 630 512 servilis
655 455 759 526 capitis
783 460 955 526 conspectus
984 461 1036 513 est.

332 549 429 606 Istaec
452 554 519 606 ante
542 550 652 606 veritus
676 567 747 618 sum,
773 548 890 606 Cacsar.
915 549 981 607 Heu
1003 550 1088 606 mihi!

332 641 391 700 Cur
412 659 471 700 non
492 643 606 700 interea
628 643 658 699 in
681 641 839 700 inferorum
861 641 993 701 faucibus

258 754 317 796 acet
332 737 398 808 Egi,
422 753 458 794 ne
481 738 565 794 testis
589 743 618 794 et
641 741 790 808 spectator
812 736 928 796 fabulae

331 831 403 888 Tam
436 831 585 889 inauditae
620 831 728 889 essem!
763 831 919 904 Imperium
953 831 989 889 ab
1024 832 1118 904 equis,
1157 832 1238 904 quod

285 993 288 999 Ι
876 927 991 996 dicitur,

332 1020 380 1077 Ad
404 1020 502 1077 asinos
526 1020 685 1077 descendit.

664 1123 833 1180 Iulianus.

653 1216 705 1274 Sat
728 1222 781 1286 est,
806 1218 927 1286 Nestor,
951 1218 1030 1276 tace!

332 1311 373 1368 Et
395 1312 471 1368 istuc
492 1306 606 1368 facinus
628 1312 659 1368 in
681 1311 897 1384 Melampygum
919 1313 1037 1370 incidet.

335 1406 439 1464 Omnia
461 1405 536 1472 tulit,
560 1406 619 1463 fert
641 1411 727 1478 atque
750 1404 827 1463 feret
848 1407 950 1479 longus
975 1407 1045 1464 dies

523 1601 648 1660 ACTVS
671 1603 725 1658 ΙΙΙ.
772 1601 900 1660 SCENA
923 1603 973 1660 VI.

240 1793 246 1816 ἲ
288 1713 518 1786 Porphyrius
565 1715 817 1771 Pammachius.
865 1714 1026 1772 Satanas.
1073 1715 1215 1774 Planus

635 1843 863 1916 Porphyrius.

261 1956 319 1999 acco
333 1938 432 1995 Bellus
455 1937 587 2009 profecto
611 1938 698 1995 homo
722 1956 793 1994 sum.
818 1939 893 1996 Mihi
916 1939 1005 1996 etiam
1022 1940 1140 2011 ‘gratiae
1172 1987 1174 1992 ,

333 2033 468 2105 Aguntur
489 2033 630 2104 plurimae
654 2049 765 2090 summa
787 2050 840 2104 pro
863 2033 978 2090 iniuria.

622 2135 876 2193 Pammachius,

333 2231 473 2288 Fortasse
497 2230 550 2286 tibi
575 2247 638 2302 cum
660 2230 791 2300 plurimis
814 2231 870 2288 hoc
893 2236 938 2288 est
960 2231 1068 2298 datum,

333 2325 372 2381 Vt
395 2324 431 2382 ab
455 2324 555 2380 amicis
580 2324 755 2381 etinimicis
778 2325 902 2395 gratiam
928 2326 1019 2383 ineas

637 2426 866 2498 Porphyrius.

334 2521 382 2579 Sic
405 2537 518 2578 censeo.
549 2520 607 2577 Sed
630 2521 757 2590 videsne,
782 2522 920 2594 inquom
942 2540 995 2594 por
1017 2540 1063 2580 me
1085 2523 1179 2580 locum

260 2633 319 2678 aeos
334 2615 380 2672 Sis
404 2612 541 2672 evectus?
565 2614 691 2672 Satanae
715 2617 914 2673 commendavi
938 2621 967 2674 et
990 2624 1055 2674 tuas

329 2703 464 2768 ¹Virtutes
487 2708 552 2779 feci,
577 2714 609 2766 ut
632 2715 730 2766 essent
753 2711 956 2781 acceptabiles,

333 2805 409 2882 Meis
434 2804 561 2860 consiliis
585 2805 644 2861 iuvi
667 2803 707 2860 nil
730 2793 886 2872 hibisco
909 2805 963 2861 tibi

334 2899 483 2969 Quaerens
508 2899 612 2968 omnia,
637 2898 760 2970 pedibus
784 2898 894 2956 subieci
918 2897 1082 2968 Caesarem,
1108 2905 1138 2956 et

333 2993 392 3050 Per
413 3011 459 3050 me
482 2993 638 3050 adsecutus
662 3010 702 3062 es,
726 2998 893 3070 quaesunt
917 2994 1076 3063 carissima,

261 3107 319 3148 auco
336 3088 374 3145 Vt
396 3105 502 3145 nomen
523 3089 600 3145 inter
622 3104 742 3159 magnos
765 3086 875 3144 habeas
901 3089 1065 3145 maximum.
1093 3101 1095 3108 ·

335 3182 411 3252 Quid
434 3199 487 3253 pro
511 3183 600 3240 tantis
623 3182 694 3239 mihi
716 3181 861 3238 retribues
885 3180 1061 3240 sudoribus?

623 3284 875 3341 Pammachius

333 3382 428 3438 Multa
451 3381 531 3449 satis,
556 3381 580 3436 si
604 3380 719 3451 quidem
742 3378 842 3436 tulerit
865 3379 990 3436 occasio.

333 3476 417 3532 Nunc
442 3475 592 3532 cardinum
615 3475 654 3532 sis
677 3475 795 3545 primus
821 3472 942 3529 Veneris
967 3473 1020 3530 tibi

331 3570 528 3642 Episcopatus
553 3574 582 3625 et
605 3568 740 3640 quicquid
763 3567 859 3624 animo
882 3567 962 3635 libet,

261 3682 319 3726 auos
335 3665 392 3722 Per
414 3681 459 3720 me
482 3663 591 3732 licebit,
617 3669 646 3720 et
667 3661 778 3720 favebit
800 3660 894 3718 Delia.
