2824 4196
399 288 839 348 nnoanouovs,rlnnnon1vs
864 276 917 344 111,
943 277 970 332 5.
1119 275 1177 332 105

273 468 314 524 Et
337 467 398 524 ovis
421 481 526 536 magna
549 464 715 522 abstineant
738 465 932 532 observantia,

274 562 328 631 Qui
352 560 491 618 Romanis
514 560 614 616 volunt
636 559 765 630 gaudere
788 559 900 630 gratiis.

272 656 312 712 Et
336 660 414 712 certe
437 653 515 710 furto
539 658 677 726 quattuor
700 653 833 724 abegisse
857 670 946 725 equos

189 761 271 816 [Hau]
296 750 336 806 Et
357 749 504 806 hominem
527 747 670 805 oooidisse
692 747 779 805 facile
802 747 903 805 redimi
928 752 1035 818 potest,

274 844 331 902 Sed
354 849 485 914 temporo
509 843 599 900 vetito
622 849 755 914 gustasse
780 859 896 899 oaseuur

273 940 333 995 Aut
356 955 441 995 ovurn
465 937 582 1009 aliquod
605 942 656 993 aut
678 937 786 1007 pullum
809 936 1001 1007 gallinaceum

273 1033 429 1089 Omnemve
454 1049 578 1098 earnem,
603 1035 636 1087 ut
657 1036 810 1102 peceatum
834 1036 879 1088 est
900 1031 1111 1102 gravissimum,

272 1127 430 1184 ita'etianr
454 1125 623 1182 difficillimo
647 1125 754 1182 dimitti
777 1129 884 1196 potest.

192 1240 257 1284 2345
273 1221 458 1293 Quapropter
480 1219 627 1292 pontilicis
651 1221 775 1277 Romani
799 1220 936 1292 dogmata

271 1316 412 1373 Mosaiois
436 1314 542 1372 tabulis
565 1315 651 1385 longe
674 1313 867 1385 praeferenda
891 1320 965 1371 sunt.
1138 1383 1144 1402 ι

273 1410 348 1480 Quid
372 1410 448 1466 enirn
471 1415 538 1466 sunt
560 1409 660 1466 Moses
684 1415 714 1466 et
735 1409 896 1480 prophet-ae
920 1415 950 1466 et
973 1411 1108 1481 apostoli,

271 1503 309 1561 Ni
334 1505 442 1561 Christi
465 1505 530 1561 illos
553 1503 723 1575 probaverit
745 1501 891 1560 vicarius?

315 1598 437 1656 Secreta
459 1615 571 1670 quoqne
596 1597 683 1656 debet
705 1597 769 1654 fieri
793 1597 938 1655 conlessio

197 1713 257 1754 aeuo
274 1693 476 1765 Contritioque
499 1693 589 1764 priua,
614 1693 719 1750 deinde
743 1691 915 1762 satisfactio,

270 1787 433 1858 Praecipua
455 1788 485 1844 in
508 1788 637 1858 peccatis
661 1788 904 1858 alexiplrannaca,

271 1882 382 1952 Quibus
405 1888 528 1952 peccata
550 1882 669 1938 indubie
694 1883 800 1939 cedunt
823 1883 957 1939 maxima.

586 1976 787 2033 Parrhasia.

274 2067 338 2130 Τοῦ
362 2067 501 2149 Χριστοῦ
524 2064 553 2127 δ’
576 2064 680 2138 οὐδεὶς
702 2065 803 2142 λόγος.

570 2166 800 2237 Porphyrius.

743 2261 826 2328 Heni,
852 2260 998 2317 Christum
1021 2260 1173 2319 nominas?

270 2354 355 2424 Cave,
381 2355 505 2427 iuquam,
530 2360 563 2410 ut
586 2354 734 2412 Christum
757 2355 860 2412 rnulier
882 2356 1005 2426 posthae
1028 2357 1173 2414 nomines!

195 2469 254 2510 2355
269 2449 346 2519 Quid
369 2466 423 2521 ego
447 2449 500 2506 tibi
524 2450 614 2506 multa
637 2447 751 2506 dicam?
776 2449 806 2506 Si
830 2451 948 2507 verbum
972 2451 1094 2521 arnplius
1117 2485 1159 2492 -

310 2543 374 2601 Hoc
397 2549 495 2600 tamen
518 2544 731 2600 observandum
754 2546 784 2600 in
807 2544 979 2616 quibusdam
1004 2544 1128 2614 casibus

270 2638 354 2708 Quod
376 2655 435 2694 non
459 2639 584 2694 cuiusvis
607 2639 703 2695 valeat
727 2639 881 2709 absolutio,

268 2733 333 2789 Nisi
357 2733 532 2804 episcopalis
557 2733 726 2790 consulatur
749 2733 875 2804 dignitas

265 2827 305 2883 Et
328 2822 529 2902 αὐτοκράτωρ
551 2828 631 2898 ipsus
654 2832 773 2900 pretatur
796 2827 927 2883 olaviunr.

195 2941 253 2982 aooo
311 2921 471 2978 Praeterea
493 2922 518 2977 si
541 2923 604 2993 quis
627 2922 785 2993 instigante
809 2922 926 2980 diabolo

268 3016 401 3073 Interdiu
423 3021 547 3073 nootnve
570 3017 653 3072 rnalis
678 3033 796 3087 operam
819 3017 940 3085 artibus,
972 3070 974 3075 s

266 3111 375 3179 Funis,
400 3111 509 3180 rapinis
534 3115 563 3167 01
585 3110 812 3168 scortationibus

195 3215 265 3268 [nub]
290 3204 422 3273 Dederit,
447 3205 471 3261 is
495 3222 563 3262 mox
586 3210 723 3276 quantum
745 3210 844 3276 potest
867 3206 1006 3262 ecelesias

266 3299 365 3356 Adeat
388 3305 417 3355 et
441 3316 532 3370 aquae
556 3301 665 3371 aliquot
688 3305 821 3356 sacratae
844 3301 964 3370 guttulis

193 3411 250 3454 2365
267 3392 303 3450 Se
327 3393 433 3450 lustret
455 3395 500 3449 vel
523 3395 591 3450 salis
615 3394 742 3450 adiurati
766 3394 875 3466 aliquid
897 3399 989 3462 voret,

120 3485 122 3490 '
267 3487 351 3556 Quod
375 3493 420 3544 est
442 3489 602 3545 remedium
626 3489 765 3545 adversus
788 3495 910 3559 peecata
933 3487 1038 3558 efficax

265 3582 305 3638 Et
328 3582 446 3639 diabolo
470 3593 610 3638 venenum
633 3583 909 3653 praesentissimum.

267 3675 313 3733 Sio
337 3677 455 3733 minima
478 3693 567 3747 opera
590 3682 712 3748 peecata
735 3683 857 3748 possunt
880 3677 959 3734 dilui.
