2824 4188
290 243 327 301 32
499 251 718 312 nicanorem*
734 253 942 298 banniamus,
967 241 989 310 1,
1016 242 1043 298 3.

344 431 509 502 Scripturas
533 428 696 500 exponendi
718 445 902 500 praesumam
924 429 1003 498 mihi,

344 525 383 581 Vt
407 525 499 582 omnis
523 540 558 580 ex
582 539 632 580 ore
654 539 719 580 meo
743 528 841 580 manet
863 523 970 581 contio.

657 634 889 707 Porphyrius.

344 731 379 788 Id
401 746 541 802 perquam
563 729 634 786 utile
655 728 784 785 futurum
807 734 860 786 est.
885 729 916 786 Si
939 731 1001 802 quis
1028 730 1176 804 quidpiam

285 825 399 888 [orb11n
422 830 450 881 te
473 823 595 880 iaculari
617 839 704 880 ausus
727 822 816 880 luerit
838 823 992 894 indignius,

285 939 329 981 oco
344 920 378 976 In
399 918 509 976 inferos
532 921 565 974 ut
586 917 766 975 haereticum
789 917 981 990 submergito!

644 1028 899 1086 Pammachius.

344 1124 499 1198 Oportebit
520 1140 649 1196 prorsus.
674 1123 733 1180 Sed
754 1128 853 1180 metuo
877 1123 1041 1194 Caesarem,

342 1221 386 1278 Ne
408 1237 467 1278 non
490 1219 566 1276 sinat
588 1218 626 1275 ad
648 1218 679 1275 id
702 1217 861 1275 ascendere
883 1217 1002 1290 fastigii.

659 1329 888 1401 Porphyrius

342 1425 433 1496 Quem
455 1421 580 1482 metuis?
605 1421 781 1482 Caesarem?
804 1424 897 1482 Nemo
920 1424 1092 1482 metuendus
1119 1431 1173 1494 est,

342 1520 400 1577 Sed
423 1518 673 1588 contemnendum,
698 1518 836 1591 quidquid
859 1522 904 1575 est
925 1519 1083 1590 potentiae.

283 1614 494 1686 ceaNeophyto
519 1612 638 1670 Caesari
660 1613 738 1670 nullo
761 1613 879 1686 negotio

342 1708 444 1766 Potest
466 1707 584 1779 imponi,
608 1706 693 1764 nobis
716 1723 734 1764 a
757 1706 935 1764 doctoribus.

342 1803 403 1860 Aut
425 1803 450 1859 si
473 1802 590 1858 omnino
613 1801 752 1858 molestus
776 1817 840 1858 esse
864 1802 1003 1872 coeperit,

340 1897 387 1954 Ad
410 1895 518 1954 inferos
542 1896 650 1967 triplici
672 1895 809 1952 trudatur
830 1894 957 1952 fulmine.

339 1991 470 2064 Regnum
493 1991 555 2047 eius
579 1989 772 2048 subnervatur
795 1995 824 2047 et
848 1990 1012 2062 deponitor.

283 2105 327 2146 oso
342 2085 475 2142 Invenies
498 2085 586 2141 alium
609 2084 751 2157 regnandi
774 2084 894 2142 libidine

339 2179 500 2248 Tumidum,
526 2178 574 2250 qui
597 2178 651 2235 tibi
674 2179 713 2235 sit
736 2195 925 2237 concessurus
950 2181 1055 2238 omnia.

641 2290 897 2349 Pammachius

338 2385 475 2442 Divinum
498 2389 527 2442 et
550 2382 656 2441 efficax
680 2386 840 2455 consilium,
865 2386 1019 2460 Porphyri.

340 2478 424 2536 Nunc
447 2479 519 2535 nihil
542 2483 586 2536 est
609 2480 746 2551 scrupuli.
771 2479 829 2538 Res
853 2481 917 2552 ipse
941 2488 1039 2540 cetera

337 2572 472 2642 Donabit,
497 2577 526 2631 et
550 2573 710 2632 cottidiano
735 2591 789 2631 usu
812 2575 928 2632 doctior

280 2685 323 2726 osa
338 2667 430 2724 Fiam.

577 2801 579 2806 ·
653 2770 885 2843 Porphyrius

458 2863 545 2921 Haud
568 2864 696 2936 dubium,
718 2882 787 2922 usus
811 2867 1009 2938 suppeditabit
1033 2869 1165 2940 plurima.

640 2976 895 3036 Pammachius.

339 3067 397 3125 Cur
419 3085 488 3140 ergo
512 3086 571 3126 non
593 3087 661 3127 mox
683 3072 877 3143 supplicatum
899 3074 1046 3146 pergimus

338 3161 385 3218 Ad
408 3161 546 3220 Setanam
570 3164 688 3237 eiusque
711 3166 891 3237 postulamus
914 3166 1058 3238 gratiam?

652 3275 883 3348 Porphyrius.

335 3366 392 3424 Vbi
415 3369 466 3437 vie,
491 3368 564 3424 nihil
586 3386 692 3427 moror.
718 3370 799 3428 Inter
822 3372 947 3430 eundum
970 3374 1057 3432 latins

334 3462 379 3520 De
402 3462 489 3520 rebus
512 3463 565 3532 his,
591 3468 622 3520 ut
645 3463 763 3536 dignum
787 3471 839 3536 est,
866 3469 1132 3526 commentabimur.
