2824 4188
183 1142 255 1194 [aaa]
345 1128 656 1186 Revereudissimo
679 1127 774 1199 patri
797 1127 833 1184 D.
858 1128 1008 1185 Thomae

278 1233 552 1304 archiepiscopo
581 1230 834 1288 Cantuariensi
862 1231 1071 1303 dignissimo

413 1336 562 1393 Thomas
590 1335 821 1407 Naogeorgus
845 1334 873 1392 S.
897 1334 934 1392 D.

295 1508 443 1579 Cogitanti
475 1507 546 1562 mihi
574 1523 661 1577 saepe
690 1505 726 1562 de
755 1506 872 1562 summis
901 1506 948 1564 dei
976 1508 1078 1578 optimi
1104 1524 1163 1564 ma-

190 1623 214 1664 -a
230 1604 298 1660 nimi
321 1600 480 1670 beneficiis,
505 1601 608 1672 quibus
631 1616 694 1669 noS,
720 1600 787 1657 dum
809 1601 841 1656 in
855 1601 910 1657 hac
926 1601 986 1657 vita
1001 1619 1159 1670 versamur,

227 1715 280 1769 pro
304 1696 444 1767 singulari
467 1685 520 1751 sua
536 1712 606 1766 erga
624 1711 678 1751 nos
703 1694 857 1775 clementia
880 1695 1001 1752 cottidie
1026 1697 1162 1764 cumulat,

228 1796 261 1848 ut
283 1808 336 1863 per
358 1807 393 1847 ea
416 1789 454 1847 ad
483 1789 605 1846 salutem
633 1793 663 1846 et
690 1805 790 1846 veram
813 1789 858 1845 sui
879 1789 1064 1860 agnitionem,
1090 1808 1163 1862 quae

230 1891 275 1942 est
310 1885 406 1942 aditus
444 1901 529 1940 verus
567 1883 605 1939 ad
641 1883 730 1939 vitam
768 1889 926 1951 aeternam,
960 1884 1163 1954 perducamur,

229 1979 339 2034 nultum
355 1978 471 2050 quidem
487 1977 571 2033 nobis
587 1978 634 2033 vel
649 1977 742 2033 maius
760 1977 805 2033 vel
821 1977 932 2047 gratius
948 1977 1040 2034 videri
1057 1968 1182 2036 debere'

188 2093 217 2133 1o
233 2073 377 2140 existimo,
407 2088 491 2143 quam
519 2071 596 2143 quod
623 2069 705 2127 verbi
728 2071 772 2127 sui
798 2071 991 2128 ministerium
1014 2073 1091 2144 apud
1111 2091 1164 2131 nos

232 2167 371 2235 instituit,
404 2183 458 2238 per
489 2165 566 2238 quod
593 2166 623 2221 in
650 2165 727 2221 omni
761 2182 867 2237 genere
900 2165 1100 2225 adflictionum
1135 2175 1165 2226 et

234 2263 437 2329 tentationum,
465 2261 494 2316 in
523 2259 625 2332 quibus
653 2259 724 2316 nihil
751 2277 803 2317 nos
831 2261 928 2318 levare
951 2262 997 2319 vel
1020 2263 1166 2319 consolari

233 2362 332 2430 potest
358 2360 563 2428 praeterquam
595 2354 677 2411 verbi
705 2355 845 2426 cognitio,
882 2372 980 2412 omnes
1008 2361 1088 2414 recte
1125 2358 1167 2414 in-

234 2457 381 2514 struamur
419 2449 454 2506 de
493 2449 540 2506 dei
580 2450 729 2506 voluntate
767 2466 837 2521 erga
873 2467 926 2506 nos
965 2451 1166 2523 discamusque

192 2565 219 2606 15
235 2542 314 2602 illum
348 2561 407 2600 non
441 2545 533 2601 solum
567 2544 682 2612 timere,
720 2561 819 2600 verum
858 2545 946 2601 etiam
980 2545 1101 2617 diligere
1136 2552 1166 2604 et

235 2656 394 2711 agnoscere
416 2655 469 2709 pro
493 2643 586 2710 patre,
611 2639 656 2694 cui
679 2655 732 2694 nos
754 2655 840 2694 curae
862 2655 959 2694 sumus
984 2645 1013 2695 et
1033 2641 1081 2711 qui
1096 2641 1165 2697 velit

234 2751 350 2790 servare
374 2738 404 2790 et
425 2733 551 2790 liberare
574 2750 627 2789 nos
656 2749 691 2790 ex
715 2733 855 2804 angustiis
880 2737 909 2789 et
935 2733 1032 2802 malm,
1062 2735 1165 2806 quibus

190 2839 260 2891 [aab]
297 2829 340 2885 vel
367 2832 489 2900 propter
515 2831 636 2899 peccata
662 2827 708 2884 vel
727 2821 844 2896 'diaboli
878 2828 1029 2884 saevitiam
1044 2823 1046 2906 t
1061 2846 1094 2886 ac
1122 2836 1165 2901 ty-

235 2923 385 2980 rannidem
408 2921 525 2979 assidue
547 2922 705 2993 premimur
727 2927 813 2993 atque
830 2939 1007 2979 exercemur.
1033 2922 1090 2980 Per
1109 2925 1164 2982 hoc

189 3036 220 3077 20
235 3017 311 3074 enim
333 3017 525 3073 ministerium
548 3033 605 3072 non
629 3017 721 3073 solum
736 3017 910 3088 proponitur
932 3017 1016 3073 nobis
1033 3017 1166 3076 doctrina

235 3115 306 3168 nota
334 3111 422 3166 etiarn
449 3111 544 3182 aliquo
572 3111 659 3167 modo
683 3111 799 3179 rationi,
835 3126 908 3182 quae
936 3127 999 3168 cum
1028 3114 1164 3170 ostendat

234 3223 287 3261 nos
309 3221 368 3262 non
391 3221 460 3262 casu
483 3211 567 3262 natos
591 3211 642 3262 aut
663 3205 739 3261 hunc
762 3205 900 3261 mundum
919 3203 1041 3263 fortuito
1059 3213 1163 3276 ortum,

235 3300 319 3356 simul
347 3299 435 3358 etiam
462 3303 560 3356 monet
594 3300 679 3356 deum
703 3317 780 3369 esse,
810 3300 857 3371 qui
885 3300 1022 3371 inspiciat
1044 3318 1091 3358 res
1115 3303 1165 3358 hu-

233 3410 333 3450 manas
358 3397 386 3450 et
411 3399 491 3450 curet
515 3411 574 3462 eas,
598 3395 700 3466 puniat
722 3395 814 3451 malos
839 3399 868 3450 et
887 3393 1053 3452 benefaciat
1068 3395 1162 3465 bonis,

187 3506 217 3546 aa
233 3505 332 3545 verum
356 3488 444 3546 etiam
467 3488 629 3559 explicatur
651 3489 735 3546 nobis
759 3505 867 3546 arcana
895 3488 942 3545 dei
970 3489 1103 3546 voluntas
1127 3492 1163 3547 de

233 3587 375 3654 perpetua
403 3586 432 3639 et
459 3583 599 3640 ineffabili
625 3583 827 3641 misericordia
849 3583 905 3638 illis
929 3583 1086 3653 promissa,
1116 3586 1164 3657 qui

233 3683 394 3748 agnoscunt
423 3694 504 3734 suam
531 3678 735 3749 indignitatem
762 3683 790 3734 et
819 3677 1041 3748 apprehendunt
1063 3677 1163 3748 filium,

243 3783 282 3814 Lat.
294 3783 473 3816 Litteraturdonkm.
484 3782 499 3815 3.
996 3776 1009 3823 l
