2824 4188
382 283 597 344 nnositonovs
619 285 825 330 simulamus.
851 273 873 342 Ι,
903 278 927 331 1.

459 765 584 823 Acrvs
603 759 629 823 Ἰ.
676 765 805 824 SCENA
828 767 850 824 Ι.

383 885 557 944 Christus.
603 887 740 944 Petrus
787 888 924 946 Paulus.

569 1015 743 1073 Christus

223 1129 408 1186 Senescentis
432 1129 490 1186 iam
513 1129 613 1186 mundi
635 1129 712 1186 ratio
734 1131 871 1201 postulat,

222 1224 261 1280 Vt
284 1239 415 1280 errorum
437 1223 513 1280 mala
535 1223 702 1280 inserantur
724 1225 834 1282 semina

165 1337 208 1379 120
223 1317 353 1389 Suasque
375 1317 508 1374 inimicus
531 1322 633 1374 noster
654 1318 730 1374 vires
754 1324 870 1376 exserat

222 1412 262 1469 Et
285 1428 394 1469 summe
418 1417 520 1468 contra
542 1412 695 1469 veritatem
718 1413 851 1484 turpibus

222 1507 423 1578 Inauditisque
445 1506 614 1576 praevaleat
636 1507 796 1564 mendaciis

222 1601 392 1672 Nomenque
415 1616 510 1657 meum
533 1606 619 1672 atque
642 1601 812 1673 religionem
835 1601 964 1661 funditus

222 1695 406 1752 Exstinctam
428 1695 499 1751 velit
520 1695 551 1751 in
573 1711 664 1776 eoque
688 1695 774 1753 sudet
795 1698 928 1767 maxime,

166 1809 208 1850 125
222 1789 359 1848 Divinum
381 1793 414 1845 ut
437 1805 550 1855 omnem
572 1789 603 1845 in
626 1806 690 1846 sese
714 1790 821 1847 cultum
844 1791 1011 1851 transferat.
1054 1833 1056 1838 ,

222 1885 306 1942 Adeo
326 1888 394 1954 post
415 1883 492 1940 mille
516 1900 607 1941 annos
630 1879 742 1942 solutus
765 1885 885 1944 vinculis

220 1980 340 2036 Fremet
362 1983 392 2035 et
414 1978 562 2050 squalores
586 1978 743 2036 ulciscetur
766 1981 900 2036 carceris,

224 2073 315 2131 Recte
338 2076 370 2128 tu
393 2088 467 2140 eum,
493 2071 589 2141 Petre‚
614 2073 776 2144 rugientem
798 2074 936 2145 pinxeras

219 2168 359 2236 Leonem,
385 2167 433 2238 qui
455 2166 601 2223 vorandos
625 2172 746 2240 quaerat
767 2169 882 2240 iugiter.

166 2281 208 2322 130
218 2262 326 2340 ,Nonne
349 2261 464 2330 videtis,
490 2265 627 2332 quantum
651 2267 768 2320 catenas
796 2263 931 2322 dentibus

224 2357 344 2414 Nitatur
366 2361 517 2414 conterere
542 2361 571 2412 et
593 2357 700 2428 parieti
723 2374 832 2416 cornua

224 2451 332 2508 Inlidat
355 2455 384 2507 et
407 2451 581 2522 serpentinis
606 2468 636 2508 se
659 2450 786 2508 motibus

223 2541 389 2617 Torqueat?
413 2545 488 2616 Heu,
514 2562 627 2602 sursum
650 2562 717 2602 mox
740 2551 826 2618 atque
850 2547 986 2606 deorsum
1010 2551 1106 2608 onmia

223 2637 369 2707 Miscebit,
394 2643 511 2696 strenue
536 2644 565 2696 et
586 2640 720 2711 neglecta
742 2642 857 2698 sarciet.

166 2752 208 2795 raa
222 2734 284 2791 Vae
308 2732 490 2803 Christianis,
514 2750 568 2790 vae
590 2733 704 2804 populis
729 2739 758 2792 et
780 2735 929 2806 gentibus!

224 2828 362 2900 Magnum
385 2828 443 2884 iam
466 2828 584 2884 tandem
606 2826 752 2885 habebitis
776 2829 985 2898 adversarium,

224 2923 314 2991 Quem
337 2939 432 2991 nosse,
458 2939 541 2994 quem
565 2939 677 2991 cavere,
703 2923 749 2979 cui
771 2925 909 2981 resistere

222 3017 290 3074 Non
313 3017 446 3086 cuiusvis,
471 3015 523 3073 sed
547 3017 603 3073 erit
626 3016 723 3074 divina
744 3019 871 3089 praediti

222 3111 338 3167 Virtute
362 3115 392 3167 et
414 3128 498 3183 quem
522 3111 569 3168 dei
592 3111 716 3168 servarit
739 3112 868 3170 dextera.

166 3216 233 3268 [aaa]
257 3206 319 3262 Iam
342 3205 447 3276 vigiliis
471 3222 605 3262 necnon
629 3206 810 3263 orationibus

223 3299 263 3356 Et
286 3298 392 3356 sobriis
414 3299 470 3355 illis
495 3317 566 3371 opus
591 3300 648 3357 erit
669 3301 813 3357 mentibus

222 3394 290 3450 Plus
314 3410 398 3465 quam
422 3394 545 3450 antehac
568 3411 701 3466 unquam.
727 3395 839 3467 Quippe
862 3397 1043 3456 inundabunt
1067 3401 1142 3457 mala

223 3488 375 3559 Regnaute
399 3505 509 3545 summo
532 3488 694 3560 iniquitatis
717 3491 857 3562 principe.

224 3581 282 3639 Sed
305 3581 466 3653 apparebit,
491 3583 585 3652 amici,
611 3583 671 3640 sole
696 3584 801 3641 clarius

165 3677 263 3764 14511]Ι
280 3677 360 3734 hisce
383 3677 474 3748 malis,
500 3695 537 3735 an
561 3677 642 3734 cordi
665 3679 724 3734 sint
746 3680 916 3737 mortalibus
