2824 4196
396 284 608 344 unoeuoaevs
631 285 836 330 ranunculus.
859 272 908 342 IV,
934 273 962 330 2.
1106 274 1164 331 133

264 461 312 518 Sia
334 460 432 530 facite,
456 461 609 519 reverendi
630 461 747 536 patresl,
768 461 857 530 Heus
887 477 903 518 0
926 460 1012 530 bone,

265 556 309 614 Tu
331 555 416 614 nobis
439 556 602 627 exemplum
623 557 769 612 instauras
793 553 965 612 Philoxeni?
991 553 994 558 '

192 669 249 712 aeae
264 651 365 720 Recte,
390 651 433 708 ita
454 651 557 720 vivam,
583 651 661 707 solus
686 650 834 721 corripuit.

613 761 753 818 Dromo.

814 853 879 926 Ego
906 854 1023 912 hercule

268 949 349 1007 Malo
373 950 483 1007 esurire
506 967 592 1021 quarn
613 949 669 1007 hae
693 949 820 1020 saginari
842 948 938 1006 mode.

603 1059 762 1116 Satanas.

267 1155 367 1223 Reate,
392 1155 463 1211 nihil
486 1155 657 1226 relinquitis
685 1153 813 1211 Bellaria

197 1260 266 1313 [K2bl
285 1250 417 1321 appone,
448 1249 574 1306 Dromo!
605 1249 686 1306 Haec
714 1253 780 1305 sunt
804 1247 927 1305 bellaria
952 1247 1016 1318 plus
1044 1265 1129 1320 quam

815 1341 931 1399 Attica!

272 1437 371 1496 Omnis
394 1437 509 1509 generis
533 1437 640 1494 delleta
664 1442 731 1494 sunt
752 1436 926 1505 mortalium,
952 1453 987 1492 ex

200 1549 257 1592 anes
273 1531 383 1601 Quibus
407 1531 464 1588 sibi
487 1532 606 1603 quisque
630 1536 733 1600 sumat,
759 1535 896 1602 quantum
919 1529 1054 1587 eonlibet.

271 1625 400 1682 Prosunt
423 1626 520 1682 omnia
542 1623 719 1697 mirificeque
745 1625 875 1696 palatum
896 1625 1005 1680 iuvant.

271 1721 388 1778 Nullum
411 1724 471 1777 tam
493 1721 555 1777 leve
571 1725 723 1791 peceatum
739 1725 791 1788 est,
817 1719 894 1790 quod
916 1735 975 1775 non
991 1719 1175 1776 commodum

270 1813 394 1871 Vestrae
418 1813 533 1871 adferat
557 1814 677 1871 culinae.
702 1814 790 1885 Agite
814 1830 883 1884 ergo
907 1819 1035 1882 strenue,

273 1907 332 1966 Sua
354 1909 508 1980 unicuique
531 1909 570 1964 sit
592 1895 746 1966 commissa
768 1905 884 1978 portio!

620 2007 758 2076 Dromo.

199 2132 256 2174 aeuo
272 2114 460 2186 Nequaquam
483 2113 539 2170 illis
562 2113 683 2170 Melissa
706 2129 777 2184 opus
802 2117 854 2169 est.
879 2111 956 2169 Nam
981 2111 1097 2180 aeteriS,

273 2207 313 2265 Vt
334 2209 428 2278 video,
454 2208 568 2264 omissis
591 2207 648 2264 heu
670 2224 758 2264 unum
781 2223 890 2263 summe
914 2205 1040 2264 student.

608 2309 768 2366 Satanas

275 2404 346 2474 Seia
371 2405 440 2476 quid
463 2403 516 2462 tibi
540 2405 577 2461 sit
599 2403 774 2474 faciendum,
797 2401 928 2461 Dromo?

624 2517 762 2572 Dromo.

919 2607 950 2664 Si
973 2607 1090 2674 dixeris

277 2703 381 2760 Seiam.

610 2804 770 2861 Satanas

360 2899 488 2968 Interim,
514 2900 582 2956 <lum
604 2916 657 2956 nes
681 2899 840 2970 epulamur,
865 2897 921 2954 hee
944 2897 998 2954 tibi

278 2992 372 3050 Curae
396 2993 442 3050 sit.
468 2994 574 3051 Omnes
597 2993 761 3064 percurrite
784 2992 958 3063 provincias

203 3105 259 3148 2975
277 3087 425 3144 Oderater
448 3093 540 3156 caute,
566 3105 603 3144 an
625 3088 683 3143 sint
706 3086 861 3158 tranquilla
884 3086 989 3155 omnia,

275 3183 319 3239 Ne
343 3181 412 3254 quid
435 3181 601 3240 bibentibus
623 3181 708 3238 nobis
733 3186 763 3238 et
785 3180 874 3237 ebriis

275 3277 347 3333 Mali
371 3276 491 3332 oriatur.
521 3275 551 3333 Si
575 3276 643 3347 quid
666 3274 763 3344 fuerit,
788 3291 855 3332 mox
877 3273 993 3330 nuntia!

275 3369 324 3428 Sia
346 3369 486 3427 liberabis
508 3387 561 3427 nas
586 3371 671 3438 euris,
696 3375 728 3426 ut
749 3369 855 3440 poeula

279 3465 319 3521 Et
343 3464 434 3522 omnis
457 3465 541 3520 luxus
566 3465 753 3521 continuetur
775 3463 927 3535 perpetim.

625 3567 762 3624 Dromo.

205 3678 263 3721 aare
272 3661 406 3730 Faciam,
431 3661 455 3718 si
478 3665 538 3718 tres
560 3661 641 3732 prius
666 3661 770 3718 calices
795 3659 968 3716 exhausere.
