<?xml version="1.0" encoding="UTF-8"?>
<!DOCTYPE html PUBLIC "-//W3C//DTD XHTML 1.0 Transitional//EN"
    "http://www.w3.org/TR/xhtml1/DTD/xhtml1-transitional.dtd">
<html xmlns="http://www.w3.org/1999/xhtml" xml:lang="en" lang="en">
 <head>
  <title>
</title>
<meta http-equiv="Content-Type" content="text/html;charset=utf-8" />
  <meta name='ocr-system' content='tesseract 3.04.00' />
  <meta name='ocr-capabilities' content='ocr_page ocr_carea ocr_par ocr_line ocrx_word'/>
</head>
<body>
  <div class='ocr_page' id='page_1' title='image "./pammachius00boltgoog_0147.png"; bbox 0 0 2824 4196; ppageno 0'>
   <div class='ocr_carea' id='block_1_1' title="bbox 354 275 930 344">
    <p class='ocr_par' dir='ltr' id='par_1_1' title="bbox 354 275 930 344">
     <span class='ocr_line' id='line_1_1' title="bbox 354 275 930 344; baseline 0.01 -17"><span class='ocrx_word' id='word_1_1' title='bbox 354 283 797 342; x_wconf 74' lang='lat' dir='ltr'>unocnoaovs,rnuuncn1vs</span> <span class='ocrx_word' id='word_1_2' title='bbox 824 275 876 344; x_wconf 88' lang='grc' dir='ltr'>ΙΙΙ,</span> <span class='ocrx_word' id='word_1_3' title='bbox 903 278 930 333; x_wconf 86' lang='grc'>5.</span> 
     </span>
    </p>
   </div>
   <div class='ocr_carea' id='block_1_2' title="bbox 152 460 866 626">
    <p class='ocr_par' dir='ltr' id='par_1_2' title="bbox 152 460 866 626">
     <span class='ocr_line' id='line_1_2' title="bbox 152 460 866 532; baseline -0.004 -11"><span class='ocrx_word' id='word_1_4' title='bbox 152 477 213 520; x_wconf 72' lang='lat' dir='ltr'>areo</span> <span class='ocrx_word' id='word_1_5' title='bbox 229 460 376 517; x_wconf 88' lang='lat' dir='ltr'>Procedat</span> <span class='ocrx_word' id='word_1_6' title='bbox 399 467 429 517; x_wconf 84' lang='lat' dir='ltr'>et</span> <span class='ocrx_word' id='word_1_7' title='bbox 451 478 544 532; x_wconf 87' lang='lat' dir='ltr'>papae</span> <span class='ocrx_word' id='word_1_8' title='bbox 569 461 716 518; x_wconf 79' lang='lat' dir='ltr'>osculetur</span> <span class='ocrx_word' id='word_1_9' title='bbox 739 463 866 520; x_wconf 85' lang='lat' dir='ltr'>calceos!</span> 
     </span>
     <span class='ocr_line' id='line_1_3' title="bbox 227 555 656 626; baseline 0.002 -16"><span class='ocrx_word' id='word_1_10' title='bbox 227 555 314 610; x_wconf 91' lang='lat' dir='ltr'>Multi</span> <span class='ocrx_word' id='word_1_11' title='bbox 336 555 508 626; x_wconf 84' lang='lat' dir='ltr'>procedunt,</span> <span class='ocrx_word' id='word_1_12' title='bbox 532 561 565 611; x_wconf 94' lang='lat' dir='ltr'>ut</span> <span class='ocrx_word' id='word_1_13' title='bbox 588 556 656 613; x_wconf 79' lang='lat' dir='ltr'>diui.</span> 
     </span>
    </p>
   </div>
   <div class='ocr_carea' id='block_1_3' title="bbox 227 667 888 927">
    <p class='ocr_par' dir='ltr' id='par_1_3' title="bbox 227 667 888 927">
     <span class='ocr_line' id='line_1_4' title="bbox 570 667 713 724; baseline 0.007 -1"><span class='ocrx_word' id='word_1_14' title='bbox 570 667 713 724; x_wconf 87' lang='lat' dir='ltr'>Nestor.</span> 
     </span>
     <span class='ocr_line' id='line_1_5' title="bbox 618 763 888 836; baseline 0.004 -18"><span class='ocrx_word' id='word_1_15' title='bbox 618 763 704 832; x_wconf 81' lang='lat' dir='ltr'>nudi,</span> <span class='ocrx_word' id='word_1_16' title='bbox 731 763 888 836; x_wconf 89' lang='lat' dir='ltr'>Porphyri!</span> 
     </span>
     <span class='ocr_line' id='line_1_6' title="bbox 227 854 767 927; baseline 0 -15"><span class='ocrx_word' id='word_1_17' title='bbox 227 855 347 912; x_wconf 80' lang='lat' dir='ltr'>Licetne</span> <span class='ocrx_word' id='word_1_18' title='bbox 370 856 471 926; x_wconf 84' lang='lat' dir='ltr'>paucis</span> <span class='ocrx_word' id='word_1_19' title='bbox 494 856 611 927; x_wconf 86' lang='lat' dir='ltr'>adloqui</span> <span class='ocrx_word' id='word_1_20' title='bbox 633 854 767 927; x_wconf 78' lang='lat' dir='ltr'>patrem?</span> 
     </span>
    </p>
   </div>
   <div class='ocr_carea' id='block_1_4' title="bbox 229 967 953 1321">
    <p class='ocr_par' dir='ltr' id='par_1_4' title="bbox 229 967 953 1321">
     <span class='ocr_line' id='line_1_7' title="bbox 531 967 760 1039; baseline 0.004 -15"><span class='ocrx_word' id='word_1_21' title='bbox 531 967 760 1039; x_wconf 83' lang='lat' dir='ltr'>Porphyrius</span> 
     </span>
     <span class='ocr_line' id='line_1_8' title="bbox 773 1063 953 1133; baseline 0.011 -14"><span class='ocrx_word' id='word_1_22' title='bbox 773 1063 861 1120; x_wconf 83' lang='lat' dir='ltr'>Haud</span> <span class='ocrx_word' id='word_1_23' title='bbox 884 1065 953 1133; x_wconf 90' lang='lat' dir='ltr'>scio,</span> 
     </span>
     <span class='ocr_line' id='line_1_9' title="bbox 229 1155 950 1229; baseline 0.006 -17"><span class='ocrx_word' id='word_1_24' title='bbox 229 1155 287 1212; x_wconf 87' lang='lat' dir='ltr'>Sed</span> <span class='ocrx_word' id='word_1_25' title='bbox 310 1155 478 1226; x_wconf 84' lang='lat' dir='ltr'>explorabo.</span> <span class='ocrx_word' id='word_1_26' title='bbox 504 1155 614 1213; x_wconf 86' lang='lat' dir='ltr'>Caesar</span> <span class='ocrx_word' id='word_1_27' title='bbox 636 1157 721 1213; x_wconf 85' lang='lat' dir='ltr'>adest</span> <span class='ocrx_word' id='word_1_28' title='bbox 743 1163 773 1214; x_wconf 89' lang='lat' dir='ltr'>et</span> <span class='ocrx_word' id='word_1_29' title='bbox 796 1164 833 1226; x_wconf 89' lang='lat' dir='ltr'>te,</span> <span class='ocrx_word' id='word_1_30' title='bbox 858 1164 950 1229; x_wconf 85' lang='lat' dir='ltr'>pater,</span> 
     </span>
     <span class='ocr_line' id='line_1_10' title="bbox 230 1249 551 1321; baseline 0 -15"><span class='ocrx_word' id='word_1_31' title='bbox 230 1249 409 1308; x_wconf 80' lang='lat' dir='ltr'>Conveniam</span> <span class='ocrx_word' id='word_1_32' title='bbox 432 1250 551 1321; x_wconf 84' lang='lat' dir='ltr'>expetit..</span> 
     </span>
    </p>
   </div>
   <div class='ocr_carea' id='block_1_5' title="bbox 516 1361 861 1514">
    <p class='ocr_par' dir='ltr' id='par_1_5' title="bbox 516 1361 861 1514">
     <span class='ocr_line' id='line_1_11' title="bbox 518 1361 770 1419; baseline 0.008 -2"><span class='ocrx_word' id='word_1_33' title='bbox 518 1361 770 1419; x_wconf 85' lang='lat' dir='ltr'>Pammachius.</span> 
     </span>
     <span class='ocr_line' id='line_1_12' title="bbox 516 1455 861 1514; baseline 0.006 -2"><span class='ocrx_word' id='word_1_34' title='bbox 516 1455 621 1513; x_wconf 89' lang='lat' dir='ltr'>Abeat.</span> <span class='ocrx_word' id='word_1_35' title='bbox 646 1456 714 1513; x_wconf 90' lang='lat' dir='ltr'>Non</span> <span class='ocrx_word' id='word_1_36' title='bbox 736 1457 861 1514; x_wconf 91' lang='lat' dir='ltr'>audiam.</span> 
     </span>
    </p>
   </div>
   <div class='ocr_carea' id='block_1_6' title="bbox 533 1567 760 1640">
    <p class='ocr_par' dir='ltr' id='par_1_6' title="bbox 533 1567 760 1640">
     <span class='ocr_line' id='line_1_13' title="bbox 533 1567 760 1640; baseline 0.004 -16"><span class='ocrx_word' id='word_1_37' title='bbox 533 1567 760 1640; x_wconf 81' lang='lat' dir='ltr'>Porphyrius</span> 
     </span>
    </p>
   </div>
   <div class='ocr_carea' id='block_1_7' title="bbox 878 1666 1031 1738">
    <p class='ocr_par' dir='ltr' id='par_1_7' title="bbox 878 1666 1031 1738">
     <span class='ocr_line' id='line_1_14' title="bbox 878 1666 1031 1738; baseline 0.007 -16"><span class='ocrx_word' id='word_1_38' title='bbox 878 1666 914 1735; x_wconf 90' lang='lat' dir='ltr'>A,</span> <span class='ocrx_word' id='word_1_39' title='bbox 938 1671 1031 1738; x_wconf 87' lang='lat' dir='ltr'>pater,</span> 
     </span>
    </p>
   </div>
   <div class='ocr_carea' id='block_1_8' title="bbox 157 1756 491 1817">
    <p class='ocr_par' dir='ltr' id='par_1_8' title="bbox 157 1756 491 1817">
     <span class='ocr_line' id='line_1_15' title="bbox 157 1756 491 1817; baseline -0.018 1"><span class='ocrx_word' id='word_1_40' title='bbox 157 1774 215 1817; x_wconf 74' lang='lat' dir='ltr'>aros</span> <span class='ocrx_word' id='word_1_41' title='bbox 230 1757 297 1814; x_wconf 91' lang='lat' dir='ltr'>Non</span> <span class='ocrx_word' id='word_1_42' title='bbox 320 1758 362 1814; x_wconf 91' lang='lat' dir='ltr'>ita</span> <span class='ocrx_word' id='word_1_43' title='bbox 384 1756 491 1814; x_wconf 82' lang='lat' dir='ltr'>facias!</span> 
     </span>
    </p>
   </div>
   <div class='ocr_carea' id='block_1_9' title="bbox 466 1868 937 2022">
    <p class='ocr_par' dir='ltr' id='par_1_9' title="bbox 466 1868 937 2022">
     <span class='ocr_line' id='line_1_16' title="bbox 518 1868 771 1925; baseline 0.004 -1"><span class='ocrx_word' id='word_1_44' title='bbox 518 1868 771 1925; x_wconf 83' lang='lat' dir='ltr'>Pammachius</span> 
     </span>
     <span class='ocr_line' id='line_1_17' title="bbox 466 1962 937 2022; baseline 0.006 -3"><span class='ocrx_word' id='word_1_45' title='bbox 466 1962 564 2020; x_wconf 85' lang='lat' dir='ltr'>Sulfur</span> <span class='ocrx_word' id='word_1_46' title='bbox 587 1964 646 2020; x_wconf 88' lang='lat' dir='ltr'>olet</span> <span class='ocrx_word' id='word_1_47' title='bbox 668 1969 698 2020; x_wconf 88' lang='lat' dir='ltr'>et</span> <span class='ocrx_word' id='word_1_48' title='bbox 720 1963 828 2021; x_wconf 89' lang='lat' dir='ltr'>fulmen</span> <span class='ocrx_word' id='word_1_49' title='bbox 851 1965 937 2022; x_wconf 84' lang='lat' dir='ltr'>Iovis.</span> 
     </span>
    </p>
   </div>
   <div class='ocr_carea' id='block_1_10' title="bbox 229 2073 1015 2429">
    <p class='ocr_par' dir='ltr' id='par_1_10' title="bbox 229 2073 1015 2429">
     <span class='ocr_line' id='line_1_18' title="bbox 532 2073 761 2145; baseline 0 -15"><span class='ocrx_word' id='word_1_50' title='bbox 532 2073 761 2145; x_wconf 86' lang='lat' dir='ltr'>Porphyrius.</span> 
     </span>
     <span class='ocr_line' id='line_1_19' title="bbox 229 2168 917 2242; baseline 0.001 -15"><span class='ocrx_word' id='word_1_51' title='bbox 229 2171 308 2227; x_wconf 83' lang='lat' dir='ltr'>Audi</span> <span class='ocrx_word' id='word_1_52' title='bbox 332 2169 497 2227; x_wconf 82' lang='lat' dir='ltr'>dumtaxat!</span> <span class='ocrx_word' id='word_1_53' title='bbox 522 2168 553 2225; x_wconf 86' lang='lat' dir='ltr'>Si</span> <span class='ocrx_word' id='word_1_54' title='bbox 575 2185 633 2226; x_wconf 93' lang='lat' dir='ltr'>non</span> <span class='ocrx_word' id='word_1_55' title='bbox 657 2173 759 2239; x_wconf 86' lang='lat' dir='ltr'>optata</span> <span class='ocrx_word' id='word_1_56' title='bbox 781 2169 917 2242; x_wconf 86' lang='lat' dir='ltr'>loquitur,</span> 
     </span>
     <span class='ocr_line' id='line_1_20' title="bbox 229 2261 1015 2338; baseline 0.003 -16"><span class='ocrx_word' id='word_1_57' title='bbox 229 2265 358 2322; x_wconf 86' lang='lat' dir='ltr'>Decreta</span> <span class='ocrx_word' id='word_1_58' title='bbox 380 2268 507 2320; x_wconf 90' lang='lat' dir='ltr'>manent.</span> <span class='ocrx_word' id='word_1_59' title='bbox 532 2261 681 2320; x_wconf 86' lang='lat' dir='ltr'>Fortassis</span> <span class='ocrx_word' id='word_1_60' title='bbox 704 2262 802 2334; x_wconf 84' lang='lat' dir='ltr'>faciet,</span> <span class='ocrx_word' id='word_1_61' title='bbox 827 2282 900 2337; x_wconf 88' lang='lat' dir='ltr'>quae</span> <span class='ocrx_word' id='word_1_62' title='bbox 926 2267 1015 2338; x_wconf 81' lang='lat' dir='ltr'>cupis</span> 
     </span>
     <span class='ocr_line' id='line_1_21' title="bbox 229 2357 927 2429; baseline 0 -13"><span class='ocrx_word' id='word_1_63' title='bbox 229 2362 324 2416; x_wconf 82' lang='lat' dir='ltr'>Arcus</span> <span class='ocrx_word' id='word_1_64' title='bbox 347 2357 429 2415; x_wconf 88' lang='lat' dir='ltr'>tendi</span> <span class='ocrx_word' id='word_1_65' title='bbox 451 2362 558 2429; x_wconf 88' lang='lat' dir='ltr'>potest,</span> <span class='ocrx_word' id='word_1_66' title='bbox 583 2363 721 2429; x_wconf 87' lang='lat' dir='ltr'>quantum</span> <span class='ocrx_word' id='word_1_67' title='bbox 744 2359 786 2415; x_wconf 86' lang='lat' dir='ltr'>vis</span> <span class='ocrx_word' id='word_1_68' title='bbox 809 2359 927 2418; x_wconf 87' lang='lat' dir='ltr'>scilicet.</span> 
     </span>
    </p>
   </div>
   <div class='ocr_carea' id='block_1_11' title="bbox 232 2477 829 2850">
    <p class='ocr_par' dir='ltr' id='par_1_11' title="bbox 232 2477 829 2850">
     <span class='ocr_line' id='line_1_22' title="bbox 519 2477 772 2535; baseline 0.008 -2"><span class='ocrx_word' id='word_1_69' title='bbox 519 2477 772 2535; x_wconf 79' lang='lat' dir='ltr'>Pammachius</span> 
     </span>
     <span class='ocr_line' id='line_1_23' title="bbox 232 2573 417 2632; baseline -0.016 -1"><span class='ocrx_word' id='word_1_70' title='bbox 232 2573 417 2632; x_wconf 86' lang='lat' dir='ltr'>Persuasisti.</span> 
     </span>
     <span class='ocr_line' id='line_1_24' title="bbox 534 2683 762 2755; baseline -0.004 -15"><span class='ocrx_word' id='word_1_71' title='bbox 534 2683 762 2755; x_wconf 88' lang='lat' dir='ltr'>Porphyrius.</span> 
     </span>
     <span class='ocr_line' id='line_1_25' title="bbox 408 2778 829 2850; baseline 0.002 -15"><span class='ocrx_word' id='word_1_72' title='bbox 408 2779 464 2836; x_wconf 85' lang='lat' dir='ltr'>Vix</span> <span class='ocrx_word' id='word_1_73' title='bbox 486 2779 648 2850; x_wconf 89' lang='lat' dir='ltr'>impetravi.</span> <span class='ocrx_word' id='word_1_74' title='bbox 674 2778 829 2836; x_wconf 85' lang='lat' dir='ltr'>Accedite!</span> 
     </span>
    </p>
   </div>
   <div class='ocr_carea' id='block_1_12' title="bbox 160 2889 717 3056">
    <p class='ocr_par' dir='ltr' id='par_1_12' title="bbox 160 2889 717 3056">
     <span class='ocr_line' id='line_1_26' title="bbox 575 2889 717 2946; baseline -0.014 0"><span class='ocrx_word' id='word_1_75' title='bbox 575 2889 717 2946; x_wconf 89' lang='lat' dir='ltr'>Nestor.</span> 
     </span>
     <span class='ocr_line' id='line_1_27' title="bbox 160 2983 527 3056; baseline -0.022 -8"><span class='ocrx_word' id='word_1_76' title='bbox 160 3004 217 3048; x_wconf 76' lang='grc'>0000</span> <span class='ocrx_word' id='word_1_77' title='bbox 231 2986 406 3044; x_wconf 87' lang='lat' dir='ltr'>Beatissimo</span> <span class='ocrx_word' id='word_1_78' title='bbox 429 2983 527 3056; x_wconf 77' lang='lat' dir='ltr'>pater!</span> 
     </span>
    </p>
   </div>
   <div class='ocr_carea' id='block_1_13' title="bbox 518 3095 867 3262">
    <p class='ocr_par' dir='ltr' id='par_1_13' title="bbox 518 3095 867 3262">
     <span class='ocr_line' id='line_1_28' title="bbox 564 3095 731 3152; baseline -0.006 -1"><span class='ocrx_word' id='word_1_79' title='bbox 564 3095 731 3152; x_wconf 84' lang='lat' dir='ltr'>Iulianus</span> 
     </span>
     <span class='ocr_line' id='line_1_29' title="bbox 518 3189 867 3262; baseline 0 -16"><span class='ocrx_word' id='word_1_80' title='bbox 518 3189 652 3262; x_wconf 87' lang='lat' dir='ltr'>Loquere</span> <span class='ocrx_word' id='word_1_81' title='bbox 675 3189 867 3246; x_wconf 80' lang='lat' dir='ltr'>mollissimis!</span> 
     </span>
    </p>
   </div>
   <div class='ocr_carea' id='block_1_14' title="bbox 158 3303 966 3755">
    <p class='ocr_par' dir='ltr' id='par_1_14' title="bbox 158 3303 966 3755">
     <span class='ocr_line' id='line_1_30' title="bbox 578 3303 718 3359; baseline -0.014 0"><span class='ocrx_word' id='word_1_82' title='bbox 578 3303 718 3359; x_wconf 78' lang='lat' dir='ltr'>Nestor.</span> 
     </span>
     <span class='ocr_line' id='line_1_31' title="bbox 231 3396 966 3471; baseline -0.004 -13"><span class='ocrx_word' id='word_1_83' title='bbox 231 3399 311 3470; x_wconf 82' lang='lat' dir='ltr'>Quae</span> <span class='ocrx_word' id='word_1_84' title='bbox 335 3415 428 3471; x_wconf 89' lang='lat' dir='ltr'>nuper</span> <span class='ocrx_word' id='word_1_85' title='bbox 449 3398 526 3454; x_wconf 89' lang='lat' dir='ltr'>inter</span> <span class='ocrx_word' id='word_1_86' title='bbox 547 3413 599 3454; x_wconf 91' lang='lat' dir='ltr'>vos</span> <span class='ocrx_word' id='word_1_87' title='bbox 622 3396 724 3454; x_wconf 87' lang='lat' dir='ltr'>habita</span> <span class='ocrx_word' id='word_1_88' title='bbox 747 3401 792 3454; x_wconf 87' lang='lat' dir='ltr'>est</span> <span class='ocrx_word' id='word_1_89' title='bbox 819 3399 966 3455; x_wconf 87' lang='lat' dir='ltr'>contentio</span> 
     </span>
     <span class='ocr_line' id='line_1_32' title="bbox 231 3490 939 3566; baseline -0.004 -14"><span class='ocrx_word' id='word_1_90' title='bbox 231 3494 324 3566; x_wconf 88' lang='lat' dir='ltr'>Super</span> <span class='ocrx_word' id='word_1_91' title='bbox 347 3492 490 3565; x_wconf 84' lang='lat' dir='ltr'>aliquibus</span> <span class='ocrx_word' id='word_1_92' title='bbox 513 3491 601 3548; x_wconf 88' lang='lat' dir='ltr'>rebus</span> <span class='ocrx_word' id='word_1_93' title='bbox 624 3490 774 3548; x_wconf 87' lang='lat' dir='ltr'>Romanae</span> <span class='ocrx_word' id='word_1_94' title='bbox 798 3492 939 3549; x_wconf 89' lang='lat' dir='ltr'>ecclesiae</span> 
     </span>
     <span class='ocr_line' id='line_1_33' title="bbox 232 3587 954 3658; baseline -0.007 -11"><span class='ocrx_word' id='word_1_95' title='bbox 232 3588 444 3656; x_wconf 71' lang='lat' dir='ltr'>Concedendis</span> <span class='ocrx_word' id='word_1_96' title='bbox 469 3602 549 3658; x_wconf 83' lang='lat' dir='ltr'>quas,</span> <span class='ocrx_word' id='word_1_97' title='bbox 574 3590 606 3641; x_wconf 89' lang='lat' dir='ltr'>ut</span> <span class='ocrx_word' id='word_1_98' title='bbox 628 3589 690 3641; x_wconf 87' lang='lat' dir='ltr'>tum</span> <span class='ocrx_word' id='word_1_99' title='bbox 713 3591 778 3642; x_wconf 90' lang='lat' dir='ltr'>erat</span> <span class='ocrx_word' id='word_1_100' title='bbox 801 3587 954 3655; x_wconf 86' lang='lat' dir='ltr'>sententia,</span> 
     </span>
     <span class='ocr_line' id='line_1_34' title="bbox 158 3679 881 3755; baseline -0.001 -17"><span class='ocrx_word' id='word_1_101' title='bbox 158 3694 229 3749; x_wconf 77' lang='grc'>[000]</span> <span class='ocrx_word' id='word_1_102' title='bbox 251 3683 292 3742; x_wconf 88' lang='grc' dir='ltr'>Το</span> <span class='ocrx_word' id='word_1_103' title='bbox 315 3687 438 3755; x_wconf 83' lang='lat' dir='ltr'>urgente</span> <span class='ocrx_word' id='word_1_104' title='bbox 461 3680 572 3738; x_wconf 82' lang='lat' dir='ltr'>Caesar</span> <span class='ocrx_word' id='word_1_105' title='bbox 594 3679 688 3736; x_wconf 87' lang='lat' dir='ltr'>noluit</span> <span class='ocrx_word' id='word_1_106' title='bbox 711 3680 881 3748; x_wconf 86' lang='lat' dir='ltr'>concedere,</span> 
     </span>
    </p>
   </div>
   <div class='ocr_carea' id='block_1_15' title="bbox 1073 281 1127 335">
    <p class='ocr_par' dir='ltr' id='par_1_15' title="bbox 1073 281 1127 335">
     <span class='ocr_line' id='line_1_35' title="bbox 1073 281 1127 335; baseline 0.019 -1"><span class='ocrx_word' id='word_1_107' title='bbox 1073 281 1127 335; x_wconf 94' lang='lat' dir='ltr'>lll</span> 
     </span>
    </p>
   </div>
   <div class='ocr_carea' id='block_1_16' title="bbox 0 0 1416 4196">
    <p class='ocr_par' dir='ltr' id='par_1_16' title="bbox 0 0 1416 4196">
     <span class='ocr_line' id='line_1_36' title="bbox 0 0 1416 4196; baseline 0 0"><span class='ocrx_word' id='word_1_108' title='bbox 0 0 1416 4196; x_wconf 95' lang='lat' dir='ltr'> </span> 
     </span>
    </p>
   </div>
  </div>
 </body>
</html>
