2824 4196
268 225 308 280 70
473 233 686 294 unoeuoucvs
709 236 915 281 ranuncmvs.
941 225 979 294 ll,
1004 227 1031 282 4.

336 411 442 468 Petunt
465 411 572 469 oscula.
598 411 683 481 Quod
705 412 730 468 si
752 413 804 489 qui
827 413 1056 470 detrectaverint

340 505 492 577 Religione
515 506 611 578 aliqua
633 507 706 563 moti
728 511 779 563 aut
802 507 994 576 contumacia,

336 599 437 670 Regno
461 616 496 657 cc
519 601 576 657 tuis
599 601 714 672 penitus
737 601 888 673 priventur
910 601 1021 672 gratiis.

674 728 834 787 Satanas

334 821 380 879 lta
402 821 516 878 firmum
539 839 573 880 ac
596 827 729 880 sanctum
752 829 825 881 esto.
850 823 894 880 Tu
916 824 1035 895 primus,
1061 824 1214 898 Porphyri‚

267 933 322 975 1540
337 915 397 973 Vos
421 917 586 988 sequimini!
610 917 769 975 Praeterea
791 918 837 975 his
861 919 959 990 signis
986 918 1162 989 Pammachi,

338 1011 397 1067 Res
420 1016 517 1082 gestas
540 1012 712 1084 litterasque
736 1013 850 1083 signato
874 1017 948 1078 tuas,

340 1103 445 1162 Statim
468 1106 567 1163 uthis
591 1107 661 1163 visis
684 1108 741 1164 mei
765 1107 855 1164 sciam
878 1124 942 1164 esse
965 1107 1114 1179 principie.

629 1233 884 1292 Pammachius.

341 1326 473 1386 Pulchre.

643 1441 874 1513 Porphyrius.

490 1535 628 1608 Numquid
651 1536 739 1592 etiam
762 1552 807 1592 mc
830 1537 927 1593 iurare
951 1541 996 1592 est
1019 1532 1111 1608 opus?

676 1662 837 1719 Satanas.

339 1756 406 1814 Non
428 1757 507 1826 mihi,
533 1757 585 1814 sed
607 1757 675 1814 huic
698 1757 836 1828 episcopo
860 1757 937 1828 quod
960 1757 1084 1814 voluerit

270 1868 326 1909 1545
344 1851 435 1908 iures,

628 1961 883 2019 Pammachius.

473 2057 614 2114 Faustum
638 2062 667 2116 et
689 2058 804 2114 felicem
827 2057 902 2112 huno
925 2055 1049 2112 vidimus
1073 2055 1159 2112 diem.

676 2185 836 2243 Satanas

340 2290 428 2347 Abito
451 2307 526 2346 nunc
549 2289 649 2346 felices
673 2295 703 2346 et
724 2289 914 2360 prosperrimi

341 2385 434 2455 Regni
457 2389 572 2441 vestrae
594 2383 664 2440 fidei
688 2383 848 2441 commissis
873 2383 1042 2440 commodis.

342 2479 419 2536 Acta
441 2479 479 2535 ad
501 2495 547 2535 me
571 2478 692 2535 cottidie
715 2477 935 2549 perscribantur
957 2477 1032 2546 volo,

341 2572 380 2630 Vt
403 2573 472 2646 quid
495 2578 599 2645 agatur
621 2573 719 2629 scium.

644 2701 873 2773 Porphyrius

689 2797 737 2853 An
759 2796 802 2852 vis
827 2795 879 2852 sub
902 2794 1029 2866 plumba
1053 2798 1086 2850 ut
1108 2791 1203 2850 solent

271 2909 327 2952 1550
342 2892 473 2949 Maxima
494 2892 606 2949 Romae
629 2908 733 2948 venum
756 2891 820 2948 dari
844 2886 1023 2960 diplomata?

678 3019 839 3077 Satanas,

343 3115 396 3172 Vel
419 3114 471 3171 sub
492 3114 609 3186 plumbo
632 3115 678 3172 vel
701 3115 795 3182 aliter,
819 3110 972 3183 magnifice
996 3110 1094 3168 modo.

341 3208 389 3266 Sic
412 3210 499 3281 agite,
524 3210 565 3266 sic
588 3227 635 3266 res
659 3226 758 3267 omncs
781 3211 894 3264 vestras
919 3205 1021 3274 tollite,
1046 3209 1079 3261 ut

343 3304 436 3376 Regni
458 3304 596 3361 maiestas
619 3305 785 3362 innotescat
809 3299 956 3358 omnibus!

273 3443 340 3496 [Fssbl
632 3429 888 3490 Pammachius

344 3537 434 3606 Haec,
458 3537 603 3608 princeps
629 3541 696 3593 ante
719 3534 840 3590 multum
864 3529 1064 3603 cogitavimus.

274 3651 330 3694 1555
346 3631 404 3690 Sed
425 3630 536 3689 Dromo
560 3630 711 3688 'nobiscum
735 3633 791 3686 eat.
