2824 4188
410 283 625 343 raoesoaovs
649 287 855 332 rsuurourvs
881 275 903 344 Ι,
930 277 957 333 3.
1132 277 1170 334 27

256 461 291 518 In
313 477 381 518 oves
404 461 525 519 miseras
548 444 795 534 grassari-posse.
821 462 869 520 Sic
892 479 946 536 ego

256 555 421 613 Timoribus
443 556 474 612 in
495 557 645 628 perpetuis
672 557 793 614 cottidie
817 557 971 615 obambulo

198 667 243 710 500
257 650 406 723 Nusquam
429 667 557 708 securus.
582 651 650 708 Vita
672 652 753 708 tenui
779 653 902 709 stamine

257 744 377 802 Pendet.
403 743 479 814 Quid
501 761 571 803 vero
594 746 665 802 mihi
688 743 774 804 volo?
799 745 858 804 Cur
881 747 976 808 servio
1059 783 1064 792 -

257 839 329 896 Tam
351 839 488 896 miseram
510 837 699 898 servitutem?
725 839 783 896 Cur
805 837 996 912 obtempero?

256 933 401 1006 Equidem
424 938 455 990 tu
477 933 669 1006 praedicabas
693 929 775 1004 olim,¹
798 934 953 1007 Porphyri‚

258 1027 422 1086 Secundum
444 1029 492 1100 qui
515 1029 658 1086 rationem
681 1029 800 1098 viveret,
826 1029 899 1086 bene

199 1122 394 1195 5051usteque
413 1139 483 1181 eum
505 1123 610 1181 vivere.
635 1123 711 1180 Nam
733 1125 809 1180 ratio
833 1124 872 1180 ad
895 1125 1006 1196 optima

258 1217 409 1275 Hortatur.

574 1329 801 1402 Porphyrius,

424 1423 557 1481 Prorsus

560 1525 812 1595 Pammachius

580 1617 621 1686 At
643 1629 712 1701 quid
735 1629 843 1686 rationi
865 1631 957 1702 magis

258 1723 421 1781 Adversum
444 1724 549 1796 quidve
572 1725 663 1795 magis
687 1724 828 1781 stultitiae
855 1723 1018 1795 proximum

258 1818 354 1890 Atque
377 1817 516 1876 scientem
539 1835 573 1876 ao
595 1819 740 1876 volentem
763 1819 839 1874 ultro
862 1835 948 1875 ruere
971 1817 1001 1874 in
1023 1817 1147 1876 necem?

260 1913 315 1982 Qui
338 1911 515 1989 profitentur
538 1913 694 1976 Christum,
719 1911 788 1985 quid
809 1911 920 1969 faciunt
942 1910 1056 1970 minus?

200 2025 245 2068 510
259 2008 326 2065 Non
347 2013 432 2079 paret
453 2009 570 2077 rationi,
595 2009 643 2080 qui
666 2007 742 2064 mala
764 2024 823 2064 non
845 2007 989 2064 vitaverit.

258 2101 398 2160 Extremo
422 2101 569 2159 Christum
592 2119 656 2158 oum
680 2117 779 2158 omnes
802 2100 933 2158 homines
958 2101 1081 2172 oderint,

258 2195 345 2254 Ratio
368 2197 429 2253 vult
451 2196 541 2268 diligi,
565 2213 624 2254 non
647 2196 745 2253 odium
768 2212 928 2253 accersere.

258 2291 325 2348 Non
346 2292 389 2348 ita
413 2291 535 2363 denique
557 2291 587 2348 in
610 2291 685 2348 hano
707 2291 797 2348 vitam
818 2290 954 2362 producti
981 2308 1087 2359 sumus

258 2385 362 2442 Statim
384 2389 417 2442 ut
439 2403 555 2443 ruamus
578 2386 608 2442 in
630 2390 753 2442 mortem
779 2384 862 2442 furiis
885 2385 963 2442 velut

201 2495 244 2540 515
259 2480 335 2550 Acti,
359 2479 412 2537 sed
433 2484 467 2536 ut
489 2496 636 2537 servemus
659 2480 749 2536 vitam
771 2495 891 2536 munere

256 2573 314 2632 Dei
337 2591 513 2644 concessam,
538 2575 724 2646 quiscumque
746 2574 906 2645 poterimus
930 2573 1033 2630 modis.
1092 2601 1099 2609 ι

259 2668 401 2727 Oreatura
423 2669 479 2726 hoe
502 2669 595 2726 omnis
619 2673 745 2725 testatur
766 2668 895 2724 serviens
937 2667 940 2672 ’

258 2763 306 2821 Ad
328 2764 384 2821 hoe
406 2765 508 2835 ipsum,
533 2767 678 2835 parentes
704 2763 824 2831 eaelum,
848 2766 937 2831 terra,
966 2762 1018 2830 sol,

197 2869 263 2923 [055]
288 2858 390 2927 Perae,
414 2858 519 2929 pisoes,
543 2857 679 2929 pecudes,
705 2857 836 2914 volueres
860 2860 890 2913 et
912 2855 1051 2928 quidquid
1074 2861 1128 2913 est.

199 2971 243 3013 520
259 2952 339 3022 Quae
362 2953 475 3009 insania
498 2957 551 3021 est,
576 2970 640 3010 oum
663 2951 760 3009 omnia
785 2951 870 3008 nobis
893 2950 982 3008 velint
1003 2948 1087 3019 bene,

257 3047 319 3104 Nos
341 3047 421 3118 ipsos
444 3046 568 3119 perdere
591 3063 712 3118 eumque
736 3046 853 3115 sectari,
881 3045 957 3102 male

258 3140 313 3211 Qui
335 3141 436 3214 periit!
460 3141 578 3200 Periere
602 3147 632 3198 et
654 3145 829 3213 symmystae
852 3140 976 3212 plurimi.

575 3261 803 3334 Porphyrius

258 3366 338 3424 Bene
360 3365 493 3438 profecto
517 3367 621 3423 omnia.

561 3477 815 3535 Pammachius.

655 3580 768 3652 Quippe
794 3581 869 3638 illius
894 3581 1031 3652 dogmata

257 3675 433 3749 Depugnant
457 3693 521 3732 oum
544 3676 659 3733 ratione
682 3675 761 3732 velut
784 3692 819 3733 ex
843 3675 985 3732 diametro
