2824 4196
253 265 293 324 98
453 277 666 336 nnoenoncvs
688 279 892 325 ennuncrnvs
916 270 970 339 ΙΙΙ,
997 272 1024 328 5.

325 455 410 510 Hunc
433 455 532 512 audite
556 455 637 512 etin
659 455 736 512 bunc
759 457 852 514 solum
876 459 974 515 oculos
998 459 1149 532 intendite,

325 549 371 605 Ab
395 549 459 617 boc,
485 549 509 606 si
532 549 601 621 quid
624 549 719 606 adhuc
741 549 812 607 fidei
835 551 926 621 deest,
952 553 1070 611 discite!

250 661 309 704 2115
326 643 472 700 Christum
496 643 586 712 audit,
611 644 658 715 qui
682 645 758 700 bunc
781 645 871 715 audit,
896 651 926 702 et
948 647 1033 704 huius
1056 653 1223 712 sentcntiae

324 737 431 794 Divina
454 755 490 795 ex
512 738 627 810 tripode
650 739 781 809 putanda
803 744 870 796 sunt
893 742 1020 800 oracula.

367 833 449 890 Haec
471 831 600 904 praefari
622 832 715 902 libuit,
739 839 772 891 ut
795 840 874 892 esset
898 836 1040 908 omnibus,
1097 824 1102 834 ⁴

326 920 382 996 Qui
406 927 563 984 Christiani
587 944 651 984 esse
674 929 782 998 volunt,
808 945 893 1000 quam
915 931 1107 1002 notissimum,

326 1022 419 1092 Quod,
444 1027 581 1094 quantum
604 1027 634 1079 et
656 1023 739 1094 quale
762 1023 905 1080 haberent
927 1025 957 1082 in
979 1028 1086 1085 mundo
1111 1037 1208 1102 caput.

253 1135 312 1177 arno
327 1118 389 1174 Iam
412 1117 476 1188 ipsa
500 1117 596 1187 capita
619 1121 649 1172 et
671 1118 810 1175 articulos
833 1117 902 1176 fidei
927 1123 1108 1192 cognoscite!

369 1211 447 1268 Ante
471 1211 568 1268 omnia
590 1210 674 1267 edico
697 1211 781 1268 vobis
805 1213 946 1282 omnibuS,
971 1220 1004 1270 ut
1026 1215 1062 1272 ab
1129 1217 1131 1222 '

327 1306 486 1364 Haeretica
509 1307 629 1378 quisque
651 1307 797 1378 pravitate
821 1313 924 1364 caveat
946 1314 976 1365 et

327 1401 359 1457 Si
381 1401 443 1472 quis
468 1402 582 1459 caiam
605 1406 729 1476 tenetur,
754 1402 963 1472 paenitentiam

325 1496 429 1566 Dignis
453 1501 521 1568 agat
545 1494 691 1567 operibus,
716 1512 752 1552 ne
775 1501 877 1566 pereat
899 1498 1052 1568 perpetim.

255 1600 324 1672 [een]
378 1590 459 1648 Solet
481 1595 578 1648 autem
594 1590 733 1660 haeresis,
750 1596 783 1646 ut
800 1595 829 1647 et
844 1590 900 1648 hoc
916 1591 954 1647 sit
973 1592 1056 1649 vobis
1073 1595 1232 1666 cognitum,

328 1685 433 1742 Tribus
457 1686 625 1756 contingere
648 1685 751 1742 modis
797 1684 838 1741 Et
859 1685 952 1756 primo
977 1687 1101 1758 quidem,

329 1780 400 1837 Cum
424 1781 486 1853 quis
509 1797 615 1851 papam
638 1795 702 1836 esse
725 1784 813 1851 negat
836 1780 976 1838 ecelesiae
1000 1787 1102 1854 caput3

325 1875 449 1946 Deinde,
474 1875 585 1946 siquis
609 1874 760 1945 opiniones
783 1874 887 1945 impias

329 1971 363 2027 In
385 1971 533 2028 Romanae
558 1969 636 2026 sedis
660 1969 800 2025 struxerit
822 1969 1046 2026 incommodum.

255 2084 312 2127 areo
328 2065 490 2134 Postremo,
515 2067 540 2121 si
563 2065 626 2136 quis
650 2064 808 2135 scripturos
833 2064 919 2120 aliter
941 2081 1040 2121 sacras

328 2159 552 2231 Interpretando
576 2175 663 2216 ausus
685 2157 775 2215 fuerit
796 2175 969 2229 proponere,

329 2255 421 2324 Quam
444 2271 461 2311 a
484 2253 553 2310 sede
577 2253 709 2310 Romana
732 2253 770 2309 sit
792 2253 974 2325 permissum.
999 2253 1100 2326 Neque

329 2349 416 2406 Enim
440 2349 590 2419 evangelio
612 2365 666 2405 nec
690 2349 842 2418 scripturis
866 2347 999 2404 omnibus

327 2443 511 2501 Credendum
534 2448 579 2500 est
601 2443 754 2514 quicquam
769 2459 861 2514 neque
878 2442 975 2513 aliqua
992 2448 1037 2499 est
1059 2445 1234 2514 auctoritas

256 2557 314 2600 2135
329 2539 360 2596 Si
382 2556 441 2596 non
463 2554 557 2610 papae
580 2536 688 2594 fuerint
710 2535 852 2608 probatae
876 2537 1002 2593 calculis.

331 2634 361 2690 Si
385 2634 447 2706 quis
470 2634 500 2690 in
523 2633 625 2690 harum
648 2631 802 2689 haeresum
825 2631 950 2702 aliquam
972 2629 1049 2688 forte
1074 2632 1214 2689 ceciderit

329 2729 383 2786 Vel
406 2745 505 2786 errore
529 2728 616 2785 animi
640 2728 684 2784 vel
706 2743 862 2798 persuasus
885 2725 1005 2794 malitia,

329 2825 366 2882 Se
390 2824 509 2881 caelesti
532 2827 562 2880 et
585 2822 718 2880 terrestri
741 2820 920 2878 exurendum
943 2820 1017 2876 sciat

329 2919 401 2991 Igni,
426 2936 444 2976 a
467 2917 592 2976 Satanae
617 2916 704 2973 etiam
728 2916 852 2972 alienum
876 2930 939 2971 esse
963 2913 1067 2984 gratia,

257 3033 316 3075 2140
330 3014 371 3071 Et
393 3014 539 3070 Romanas
563 3013 627 3084 ipso
649 3010 728 3067 facto
752 3009 946 3080 indulgentias

331 3109 482 3165 Amisisse.
508 3107 584 3164 Hine
607 3106 696 3163 etiam
718 3109 805 3176 atquc
829 3103 917 3160 etiam
941 3106 1050 3170 cavete,
1074 3117 1110 3158 ne

330 3203 451 3260 Animas
474 3201 605 3274 perdatis
629 3205 741 3257 vestras
764 3213 855 3269 provo
880 3196 1024 3268 dogmate,

331 3298 389 3356 Sed
411 3298 442 3354 in
464 3297 509 3353 his
532 3300 660 3352 vestrum
684 3294 722 3349 sit
745 3292 880 3360 studium,
906 3307 983 3362 quae.
1001 3307 1077 3346 nunc
1100 3288 1215 3360 singula

334 3392 423 3450 Vobis
446 3407 615 3463 proponam.
645 3388 704 3444 Vos
728 3385 816 3444 facite
839 3386 904 3441 imis
929 3384 1061 3441 sensibus

259 3521 321 3528 --.-
341 3522 463 3527 ——-—-

327 3579 373 3613 2¹1⁹
392 3580 431 3632 17,
451 3595 476 3646 q,
494 3577 519 3630 4.
538 3574 568 3629 si
588 3572 648 3642 quis
667 3571 809 3626 suadente.

306 3729 307 3742 ,
328 3682 372 3716 ²¹³¹
392 3681 464 3736 Dist.
480 3681 520 3734 19.
539 3677 568 3731 Si
583 3678 768 3731 Romanorum
781 3678 809 3727 et
824 3687 880 3740 cap.
899 3669 1082 3738 sequentibus.

1383 2717 1397 2750 A
