2824 4188
258 243 298 300 40
467 251 681 310 uuooaonava
705 251 911 296 Pnnnnonrvs.
936 239 959 308 Ι,
984 239 1012 294 4.

314 430 520 498 Immortalem,
545 429 667 487 Romam
690 427 856 498 Tusoosque
879 426 1019 498 postulas

315 524 374 582 Cur
395 541 454 582 non
477 525 565 582 etiam
588 522 740 594 imperium
763 537 847 578 omno
869 521 1000 592 postulas
1024 517 1130 577 simul?

617 642 869 700 Pammachius.

314 740 355 797 Et
376 740 407 796 id
429 756 525 797 meum
548 739 612 807 erit,
637 753 654 794 a
676 753 722 794 me
748 737 938 794 instituentur
962 733 1114 805 Caesares,

314 835 361 910 Ex
383 835 511 906 pectoris
535 847 634 890 omnes
658 831 834 888 emanabant
860 831 976 888 scrinio.

659 952 829 1008 Iulianus.

256 1068 300 1110 sao
315 1048 399 1118 Quod
423 1048 560 1118 scrinium
582 1047 652 1104 mihi
674 1043 797 1104 narras?

617 1157 868 1214 Pammachius,

842 1251 953 1322 Nempe
977 1251 1057 1320 illud,
1138 1259 1140 1266 ’

315 1347 378 1417 Quo
402 1347 499 1404 cordis
522 1350 623 1404 saneta
644 1345 791 1418 prodeunt
812 1346 960 1418 mysteria.

660 1457 829 1514 Iulianus

314 1561 354 1618 Et
378 1561 484 1619 exilio
508 1561 706 1630 instituentur,
730 1561 834 1632 inquis,
863 1557 1025 1618 Caesares?

615 1672 869 1730 Pammachius.

315 1767 448 1838 ProrsuS,
472 1771 538 1824 utut
559 1767 686 1824 libuerit.

659 1879 832 1935 IuHanus

732 1973 773 2030 Te
796 1989 914 2044 quaeso,
938 1971 1117 2042 Pammachi,

315 2068 444 2126 Conatus
467 2069 540 2126 istos
564 2073 594 2126 et
617 2068 714 2125 studia
737 2067 890 2139 deponito!

257 2183 300 2224 aas
315 2164 356 2220 Te
380 2163 467 2234 digna
489 2163 628 2234 postules,
652 2162 824 2220 benevolum
847 2179 892 2218 me
915 2161 969 2218 tibi

314 2258 484 2329 Experiere,
508 2274 600 2329 neque
625 2262 690 2312 tuas
714 2255 873 2314 aversabor
895 2273 1006 2327 prooes.

259 2363 326 2416 [oab]
348 2351 460 2410 Ornare
483 2351 548 2408 volo
573 2351 709 2409 dootores
734 2355 764 2407 et
791 2351 953 2422 episcopos,

315 2447 374 2504 Sed
396 2447 438 2503 ita
460 2451 567 2515 tamen,
590 2462 626 2502 ne
649 2463 694 2502 me
717 2445 905 2517 pessumdant
928 2449 978 2502 aut
1001 2461 1090 2516 super

315 2542 364 2598 Me
388 2541 549 2598 ascendant
572 2545 602 2598 et
624 2540 707 2612 regni
730 2544 849 2596 teneant
871 2538 1029 2612 fastigium.

256 2655 299 2696 sao
316 2635 385 2706 Quis
410 2635 481 2693 deus
504 2636 560 2692 hoo
583 2635 636 2692 tibi
661 2635 816 2706 suggessit,
841 2639 874 2690 ut
896 2637 955 2690 tam
977 2635 1148 2706 incongrua,

315 2730 453 2788 Absurda
476 2735 506 2787 et
527 2729 660 2787 inaudita
683 2729 823 2786 haetenus
846 2725 1046 2801 proponeres?

315 2824 385 2895 Quis
410 2823 519 2882 Caesar
541 2841 628 2881 rexne
652 2823 772 2881 esttibi
797 2839 987 2880 concessurus
1011 2820 1086 2880 sua?

315 2919 453 2990 Largitur
475 2919 603 2990 prudens
627 2919 756 2990 quisque,
783 2935 820 2974 ne
843 2918 906 2989 ipse
928 2921 1033 2988 postea

316 3013 412 3085 Egeat
435 3018 465 3070 et
486 3013 635 3070 mendicus
660 3013 782 3069 aliorum
805 3012 894 3068 adeat
915 3010 1003 3068 fores

627 3123 862 3195 Porphyrius.

259 3238 303 3280 aaa
318 3218 411 3276 Nobis
435 3217 561 3276 eundum
585 3223 638 3286 est,
662 3224 755 3290 pater.
780 3217 837 3274 Hie
859 3217 900 3273 nil
922 3217 985 3287 tibi,
1012 3223 1045 3274 ut
1068 3218 1166 3289 audie,

317 3312 466 3371 Concedet
489 3313 640 3386 dignitatis
664 3317 715 3369 aut
735 3313 894 3384 potentiae.

660 3432 830 3489 Iulianus.

316 3537 389 3594 Rem
412 3536 516 3608 tangis,
540 3552 595 3593 neo
618 3552 690 3606 opus
714 3539 767 3592 est.
792 3534 857 3591 Hoc
879 3534 949 3591 mihi
977 3534 1057 3592 dieas
1080 3536 1175 3607 velim,
1199 3553 1237 3594 an

318 3631 421 3690 Petrus
445 3636 475 3688 et
498 3635 639 3704 quotquot
660 3627 778 3686 inerunt
801 3633 868 3686 ante
892 3633 921 3685 te
945 3630 1075 3702 episcopi
