2824 4196
319 267 533 327 nicenorum,
555 267 761 314 ranunculus
786 257 883 328 11‚e;
907 256 960 324 111,
989 259 1013 312 1.
1116 255 1154 311 73

258 445 349 514 Vade,
374 449 407 502 ut
430 445 660 516 quamprimum
684 449 888 516 comparentur
911 444 1016 500 omnia.

258 540 369 610 Quibus
392 540 503 611 paratis
526 540 583 596 huc
606 539 644 596 ad
665 556 711 596 ma
735 539 887 596 recurrito.

557 649 786 722 Porphyrius.

185 766 243 808 1595
259 745 384 803 Curabo.
410 744 468 802 Sed
490 744 601 802 Dromo
624 744 750 800 mecum!

602 856 744 913 Dromo.

699 949 818 1022 Sequar.

549 1061 799 1143 Pammachius.

821 1155 862 1211 Et
885 1153 1053 1211 Caesarem!

256 1247 375 1308 Audin?

558 1363 787 1434 Porphyrius.

411 1458 517 1514 Audio.
542 1451 648 1514 Melius
673 1475 757 1528 quam
781 1457 885 1514 credas
909 1457 1005 1514 omnia

257 1552 392 1610 Perfecta
415 1552 501 1620 ciebo,
526 1553 640 1608 etiamsi
663 1551 757 1608 nullus
780 1552 910 1608 iusseris.

544 1663 797 1720 Pammachius.

253 1758 276 1816 Ο
300 1757 432 1816 Fortuna
453 1762 567 1829 potens,
591 1758 667 1814 hanc
690 1756 773 1815 effice
796 1756 991 1830 tragoediam!

184 1975 251 2026 [rab]
449 1962 573 2020 AOTVS
597 1963 650 2018 III.
697 1961 825 2019 SOENA
848 1962 870 2018 I.

329 2099 499 2178 ¹Nestor.
546 2099 717 2156 Iulianus,
763 2098 978 2170 Pterophon.

597 2253 739 2310 Nestor.

255 2356 367 2426 Facite,
391 2361 423 2412 ut
445 2355 530 2413 iussi!
555 2355 727 2414 Scribuntur
748 2357 841 2413 istaec
864 2357 954 2413 ocius.

183 2469 239 2510 1595
254 2451 318 2522 Ego
342 2451 409 2508 hinc
433 2451 470 2508 ad
494 2449 650 2508 Caesarem
673 2468 717 2508 eo.
743 2449 773 2507 Si
797 2451 865 2523 quid
887 2449 975 2508 fuerit
999 2467 1080 2522 opus

254 2545 325 2602 Mox
347 2545 403 2601 huc
426 2550 566 2602 revertar.
592 2545 650 2602 Sed
673 2546 766 2602 adest.
791 2546 867 2602 Hem
890 2544 1007 2613 Caesar,
1033 2545 1090 2601 cito

255 2639 353 2708 Redis,
378 2639 436 2696 iam
458 2657 534 2696 nunc
558 2639 596 2697 ad
618 2644 647 2697 te
670 2639 803 2696 volebam
825 2656 956 2711 pergere.

583 2751 752 2807 Iulianus.

254 2844 371 2901 Vtinam
394 2861 506 2902 mecum
529 2843 643 2914 fuisses
668 2844 790 2902 Nestor!

599 2958 738 3014 Nestor.

820 3041 878 3100 Our
900 3039 962 3100 ita?

584 3155 754 3211 Iulianus.

251 3247 394 3305 Audisses
418 3253 497 3305 certe
520 3253 565 3306 5ο5
587 3249 719 3306 inaudita
742 3249 874 3306 saeculis.

595 3359 736 3416 Nestor¹

180 3470 236 3512 iero
252 3452 332 3510 Mala
354 3450 510 3510 fortassis?
534 3454 610 3510 Nam
633 3459 662 3510 te
686 3453 855 3534 subtristem
882 3454 1045 3524 conspicor.

583 3565 750 3622 Iulianus.

250 3658 317 3716 Non
340 3659 496 3716 admodum
518 3659 604 3716 bona.
