2824 4196
276 275 314 332 96
430 343 433 348 Ι
475 283 688 340 Niceronem,
711 283 917 328 0000000100,
943 271 996 340 111,
1022 273 1048 327 5.

271 479 329 522 0000
345 461 477 518 Christus
501 461 591 528 Iesus,
617 459 749 520 dominus
772 464 881 528 noster,
907 476 1046 515 summam
1069 459 1157 515 Petro

343 557 525 613 Potestatem
548 554 679 612 solvendi
702 559 788 626 atque
810 555 921 625 ligandi
944 553 1033 621 dedit,

343 651 382 706 vt
405 655 435 707 00
456 650 546 721 ligata
568 649 599 705 in
621 649 707 705 terris
731 650 762 704 in
784 649 872 706 caelis
895 665 1008 720 quoque

342 745 451 802 Essent
472 745 576 815 ligata3
601 744 761 799 solutorum
784 743 887 800 cadem
910 748 954 799 est
976 743 1062 798 ratio.
1087 743 1148 799 lam

271 851 340 904 [era]
350 840 511 897 Romanam
533 839 642 909 primus
666 839 742 894 rexit
764 838 812 894 ille
836 837 988 894 ecclesiam
1011 841 1040 893 et

270 953 328 995 0050
343 934 524 991 Potestatcm
546 932 625 988 illam
648 949 665 988 a
689 932 799 989 cunctis
823 931 902 988 orbis
925 931 1057 1002 partibus

342 1029 465 1086 Romam
488 1027 645 1094 transtulit,
669 1031 701 1082 ut
724 1031 802 1083 esset
824 1026 873 1082 illa
895 1027 1039 1096 perpetim

341 1122 517 1180 cunctarum
540 1109 727 1178 ecclesiarum
750 1126 779 1176 et
801 1121 910 1177 rectrix
933 1125 962 1176 et
985 1125 1080 1191 caput.

338 1218 401 1274 Nec
423 1216 593 1273 tantundem
616 1216 680 1272 ullis
704 1232 873 1272 concessum
896 1219 941 1271 cst
963 1215 1094 1271 ecclesiis

341 1311 486 1381 Quantum
509 1311 657 1367 Romanae
681 1315 766 1382 atque
790 1309 871 1366 Petri
894 1310 1119 1366 successoribus

269 1425 325 1468 0000
341 1406 406 1463 Ηο0
429 1405 504 1461 scire
527 1421 702 1476 magnopere
725 1404 846 1475 prodest
869 1403 1063 1472 credentibus

340 1501 385 1558 Ne
408 1497 484 1557 forte
509 1499 587 1555 aliud
610 1499 665 1555 sibi
690 1499 867 1555 constituere
891 1503 978 1570 caput
996 1493 1088 1554 ‘velint

340 1595 434 1667 Atque
459 1594 538 1651 Petri
562 1595 604 1650 ita
626 1593 856 1664 indignationem
878 1597 1037 1664 provocent

340 1689 380 1746 Et
402 1706 470 1746 mox
492 1689 523 1744 in
544 1688 645 1759 primis
668 1687 738 1744 fidei
761 1693 859 1744 errent
882 1687 1019 1744 exordiis.

340 1783 416 1853 Quid
439 1782 515 1840 enim
539 1782 658 1838 credent
680 1782 827 1850 mortales,
852 1783 877 1838 si
899 1783 1104 1854 ignoraverint,

268 1897 324 1939 aeos
341 1877 395 1934 Oui
418 1879 455 1934 sit
479 1877 655 1934 credendum
678 1877 801 1932 maxime
824 1893 894 1947 prae
918 1875 1043 1933 ceteris?

338 1975 398 2030 Aut
421 1990 505 2045 quern
528 1975 692 2043 sequentur,
717 1971 796 2027 illum
820 1971 845 2026 si
867 1971 1051 2040 nesciverint,

339 2069 394 2138 Qui
418 2073 537 2124 cunctos
561 2066 669 2138 absque
694 2082 794 2122 errore
816 2066 910 2137 possit
933 2064 1059 2123 ducere?

337 2164 398 2219 Aut
420 2161 489 2233 quid
511 2159 660 2216 habebunt
684 2161 764 2229 certi,
789 2161 845 2216 nisi
868 2160 904 2216 ab
927 2160 976 2217 illo
1001 2161 1164 2230 didicerint,

328 2257 393 2326 ‚Qui
416 2255 598 2312 certitudinis
621 2255 722 2325 implet
743 2255 823 2312 venis
847 2253 962 2312 omnia?

266 2369 323 2411 0000
339 2350 524 2421 Quapropter
546 2352 609 2406 toto
634 2348 815 2405 Christianus
838 2354 957 2419 pectore

337 2445 499 2502 Romanum
523 2443 617 2500 discat
640 2443 795 2500 observare
818 2444 990 2515 praesulem,

335 2539 461 2610 Exque
486 2537 619 2594 doctrina
640 2542 739 2594 manat
763 2539 855 2594 omnis
879 2543 908 2594 et
930 2537 1012 2607 fides,

337 2633 390 2690 Cui
413 2632 583 2690 commissae
608 2637 674 2688 sunt
697 2632 734 2688 ad
749 2628 935 2703 ‘pascendum
958 2632 1067 2690 Christi
1091 2651 1167 2704 oves,

336 2727 389 2784 Cui
413 2728 506 2784 01ον00
531 2731 598 2783 0000
621 2727 768 2784 caelorum
790 2728 872 2798 regni
896 2727 1031 2796 traditae,

264 2841 320 2882 0000
337 2822 391 2892 Qui
415 2823 502 2879 etiam
525 2821 697 2878 universalis
720 2827 889 2878 cunctarum
911 2823 1039 2892 gentium

335 2916 424 2973 Pater
447 2920 491 2972 000
514 2920 544 2972 00
567 2915 671 2972 doctor
694 2921 724 2972 et
745 2915 914 2986 patriarcha
937 2921 966 2972 et
989 2917 1152 2990 0010000000,

336 3010 403 3067 Sine
427 3027 482 3081 quo
506 3009 575 3065 nulli
599 3013 696 3081 potest
720 3009 796 3065 salus
821 3011 997 3081 contingere.

264 3115 332 3168 [otu]
357 3104 396 3160 Vt
419 3109 515 3161 autem
538 3105 630 3161 istaec
652 3103 783 3175 probetis
807 3120 884 3171 vera,
909 3121 967 3160 non
989 3105 1076 3163 modo

336 3199 490 3255 Permultis
514 3199 723 3270 scripturarum
746 3198 920 3254 testimoniis

262 3311 319 3352 0000
336 3293 454 3349 Certum
477 3297 529 3361 est,
555 3310 628 3364 quae
651 3293 676 3348 si
699 3293 824 3349 recitare
847 3292 940 3362 velim,
965 3310 1023 3350 non
1046 3295 1092 3350 hic
1117 3294 1179 3352 dies

329 3485 374 3518 ²⁰⁵³
391 3486 432 3538 21.
453 3485 516 3540 dist.
535 3503 593 3553 000.
616 3485 645 3537 in
662 3500 741 3538 novo.
762 3483 836 3537 Dist.
857 3485 896 3536 1‘2.
916 3501 973 3552 cap.
996 3485 1156 3553 Praeceptis
1176 3504 1235 3554 cap.

261 3562 324 3615 Non
342 3563 427 3616 decet.
451 3564 549 3616 11024.
569 3581 592 3629 q.
611 3561 639 3615 A
657 3566 739 3616 reeta.
759 3560 833 3614 Dist.
853 3562 893 3614 19.
917 3561 962 3614 Sic
981 3578 1068 3618 omne.

332 3663 375 3697 ²⁰¹⁷
395 3664 468 3718 Dist.
488 3667 528 3718 19.
