2824 4196
257 278 316 336 124
486 289 700 349 nicanorem,
722 292 927 336 ranunculus.
952 281 1006 350 111,
1033 281 1060 339 6.

277 485 280 490 ·
323 474 438 532 Effecta
462 474 583 545 credite,
609 477 633 532 si
655 481 804 547 postrema
827 476 948 534 exordio

323 570 540 642 Respondeant.

661 682 820 740 Satanas.

561 777 700 834 Admiror
721 778 859 835 virtutem
880 783 961 834 tuam

325 872 359 928 In
382 871 436 940 hie,
462 889 534 943 quae
559 889 655 941 cerno,
672 871 856 942 'Pammachi
880 889 973 944 neque
996 873 1085 931 timeo

252 984 310 1027 71770
325 966 460 1023 Peiorem
482 971 512 1022 te
534 965 607 1036 fore,
632 967 685 1024 sed
706 967 880 1024 industrium
904 968 995 1038 magis

325 1061 483 1133 Exspecta,
506 1066 539 1117 ut
561 1059 711 1118 beneficiis
734 1062 806 1118 meis
832 1061 1020 1132 respondeas.

325 1139 421 1212 Istaec
445 1156 483 1212 ad
506 1156 724 1226 opprimendam
749 1154 857 1212 Christi
880 1157 1004 1228 gratiam

326 1249 403 1308 Satis
428 1267 491 1306 esse
515 1250 608 1308 video.
634 1249 692 1306 Sed
716 1250 785 1322 quid
807 1251 850 1307 ais
874 1251 910 1308 de
935 1247 1081 1308 Caesare?

613 1352 864 1409 Pammachius.

326 1447 379 1503 His
402 1447 482 1520 ipsis,
507 1449 651 1519 princeps,
675 1447 755 1504 illum
777 1449 871 1519 pressi
895 1448 1008 1516 calceis,

252 1559 310 1601 2775
325 1541 365 1598 Et
387 1542 417 1597 111
439 1558 504 1598 mea
526 1542 633 1598 iuravit
655 1541 744 1598 verba
767 1541 834 1599 ante
856 1542 1012 1614 paululum,

327 1637 419 1706 Quam
442 1641 474 1692 tu
497 1637 619 1694 venires.

661 1741 819 1800 Satanas

614 1836 637 1894 Ο
661 1837 732 1893 salvi
756 1854 853 1894 sumus
876 1837 1017 1909 undiquc3

326 1931 402 1988 Nam
425 1937 454 1988 et
478 1931 508 1987 in
530 1932 602 1988 Asia
625 1948 672 1988 res
694 1930 768 1988 benc
793 1931 899 1988 cecidit
922 1931 1054 1988 ducibus.

582 2051 584 2056 ·
615 2033 867 2091 Pammachius.

1032 2125 1105 2184 Ais?

328 2221 390 2292 Quo
413 2228 510 2294 pacto,
536 2221 679 2280 obsecro?
703 2223 760 2279 Vix
782 2223 837 2279 hac
859 2239 924 2280 mea
946 2221 1069 2280 felicius.

497 2333 499 2336 ’
662 2333 822 2391 Satanas.

326 2428 465 2485 Feliciter
488 2429 567 2497 satie,
593 2433 625 2484 ut
646 2429 703 2500 ipsi
724 2434 845 2485 narrant
869 2413 965 2486 duces.

252 2541 310 2582 areo
325 2522 439 2580 Verane
463 2528 537 2591 sunt,
562 2522 662 2592 Plane,
686 2540 758 2595 quae
781 2524 908 2580 narrasti
930 2519 1029 2580 facta?

677 2625 813 2682 Planus.

1032 2721 1091 2777 Res

328 2815 397 2886 Ipsa
420 2813 545 2883 docebit,
569 2815 713 2886 princepe,
738 2815 778 2871 nil
801 2832 865 2872 csse
888 2815 994 2871 verius.

663 2917 823 2974 Satanas.

326 3012 382 3070 Dic
406 3013 494 3070 ctiam
516 3012 586 3068 illis!
684 3065 686 3070 ,

678 3115 815 3171 Planus.

562 3208 665 3266 Dicam
689 3214 718 3266 et
742 3210 913 3281 compendio
941 3209 1064 3280 quidem.
1131 3287 1133 3292 Ι
1227 3273 1229 3278 ,

326 3303 503 3360 Bellatorem
527 3308 556 3360 ct
577 3305 751 3376 prophetam
775 3305 978 3362 suscitavimus

256 3409 314 3461 [ico]
336 3398 534 3455 Mahumetem
556 3400 681 3468 nomine,
707 3401 754 3470 qui
777 3383 881 3456 novam
905 3398 1013 3455 Christi
1035 3397 1123 3456 fidem

255 3511 312 3552 acas
327 3493 451 3561 Evertit,
477 3492 539 3549 odit
562 3498 591 3549 et
615 3493 738 3563 dissipat
762 3493 907 3561 ecclesias,

327 3587 366 3643 Vt
389 3587 571 3644 Christianos
594 3588 624 3643 in
647 3587 719 3643 Asia
742 3586 790 3642 vix
813 3587 975 3658 quindecim

330 3681 479 3753 Reperias,
506 3699 593 3739 sanae
618 3681 768 3738 doctrinae
791 3699 911 3752 prorsus
934 3683 1014 3739 nihil.
