2824 4196
265 265 323 322 134
431 273 645 331 9999999919,
670 273 876 320 rsunsofflvs.
902 262 951 332 IV,
977 261 1009 335 23
1035 263 1062 320 3.

667 449 829 507 Satanas.
929 487 931 490 -

331 545 454 603 Vidistis
476 545 543 614 iam,
568 544 779 602 commilitones
803 545 915 616 optimi,

330 639 407 709 Quid
429 638 511 697 vobis
534 655 704 710 proponam,
729 653 814 710 quam
837 638 925 695 etiam
949 637 1094 710 dapaliter

331 733 442 791 Cuncta
465 733 634 802 ministrem,
663 737 695 790 ut
721 733 815 790 nullus
843 731 921 790 idern
947 730 1038 790 faciat
1059 733 1233 805 principum.

330 827 514 899 Quapropter
537 843 622 898 spero
645 843 696 884 vos
719 825 782 884 fore
807 827 1059 885 constantissimos

258 938 314 981 essa
330 921 417 992 Apud
440 938 494 990 me,
520 938 585 978 curn
607 921 736 992 saginem
759 937 810 978 vos
833 921 1041 992 pinguissimis.

259 1024 328 1078 [Kaa]
352 1015 456 1073 Valeat
480 1014 612 1073 Christus
637 1032 701 1071 cum
722 1019 897 1086 paupertate
921 1015 1050 1084 sordida,

329 1107 401 1166 Cum
424 1109 586 1178 tormentis,
612 1125 676 1166 cum
698 1109 809 1180 poenis
835 1127 899 1167 cum
921 1108 1080 1178 laboribus,

330 1201 403 1260 Cum
426 1203 512 1272 curis,
537 1220 601 1260 cum
624 1202 800 1273 carceribus,
825 1220 890 1260 cum
911 1203 1058 1274 periculis.

328 1297 388 1355 Vos
411 1314 470 1355 non
494 1302 602 1366 curate,
627 1297 696 1368 quid
718 1314 823 1369 vesper
845 1314 926 1355 serus
949 1298 1046 1367 vehat,

257 1391 376 1452 assolta
398 1392 495 1461 vivite,
519 1396 552 1448 ut
574 1391 681 1448 vixisse
705 1409 756 1449 vos
779 1392 903 1448 mundus
927 1393 1015 1449 sciat!

328 1485 377 1542 Nil
399 1485 481 1543 vobis
505 1485 599 1544 deerit
621 1502 667 1542 me
690 1486 789 1543 mundi
811 1486 930 1558 negotia

329 1579 516 1638 Gubernante
540 1584 569 1637 et
591 1584 746 1652 praesente
770 1579 857 1637 rebus
885 1580 1026 1638 omnibus

520 1851 645 1910 ACTVS
668 1851 717 1908 IV.
765 1851 893 1910 SCENA
915 1851 968 1908 III.

371 1989 545 2049 Christus.
592 1991 733 2048 Paulus.
780 1990 916 2047 Petrus.
962 1989 1116 2048 Veritas.

660 2143 834 2201 Christus

326 2237 466 2294 Nullusne
489 2237 571 2295 vobis
595 2238 763 2310 angelorum
785 2237 906 2306 rettulit,

329 2329 405 2399 Quid
428 2335 532 2402 agatur
557 2329 718 2388 interris?

678 2442 815 2500 Paulus.

712 2536 822 2593 Nullus
852 2535 910 2594 Sed
934 2553 1116 2608 quaesumus

255 2646 312 2689 9999
327 2628 478 2702 Magister,
502 2635 534 2688 ut
557 2632 751 2689 communices
775 2631 925 2703 apostolis.

658 2750 830 2808 Christus.

327 2843 405 2901 Mira
428 2849 473 2902 est
495 2861 592 2902 rerum
616 2844 716 2903 facies.

676 2957 814 3014 Petrus

700 3050 784 3107 Hem.

657 3160 829 3218 Christus.

768 3254 892 3311 Satanas
916 3254 1041 3325 imperat

327 3345 427 3418 Longe
450 3347 575 3419 lateque,
601 3353 629 3404 et
653 3348 813 3405 adnutum
837 3348 899 3405 cius
924 3348 1021 3405 omnia

327 3440 420 3498 Versa
443 3446 528 3513 atque
552 3459 671 3500 reversa
694 3447 769 3498 sunt.
825 3487 827 3494 .

676 3551 812 3610 Petrus¹

769 3646 849 3704 Heu!
