2824 4196
294 253 333 309 80
489 262 703 321 unaunoaavs
725 261 932 306 PAMMACHIVS.
959 251 1012 319 III,
1041 253 1066 306 1.

693 439 863 496 Iulianus.
955 454 959 470 ‘

362 533 439 603 Quid
461 530 525 590 ais?
548 533 632 590 Bona
654 533 787 605 loquere!

671 653 885 725 Pterophon.

773 748 811 804 vt
834 765 865 804 se
888 764 935 804 res
958 748 1075 817 habant,
1100 748 1210 821 loquar.

362 843 459 914 Atque
481 842 593 898 utinam
615 858 662 898 res
685 841 777 898 bonas
800 842 858 898 iam
880 858 996 912 possem
1019 843 1167 914 proloqui!

692 961 861 1018 Iulianus,

364 1055 440 1126 Quid
463 1052 612 1127 suspiras?
635 1055 700 1124 Die,
726 1055 795 1126 quid
818 1055 868 1112 sit!
930 1067 932 1071 ’

666 1176 883 1248 Pterophon.
1016 1244 1019 1250 ¹

866 1271 933 1329 Nun
955 1272 1013 1328 iam
1037 1271 1147 1330 Caesar
1170 1291 1209 1330 es

290 1374 362 1446 [usai
692 1383 860 1439 Iulianus.

363 1487 447 1553 Ham,
473 1483 562 1558 quid?
587 1485 645 1543 Cur
666 1503 733 1556 non,
759 1486 844 1544 uado!
869 1486 944 1556 Quia
966 1485 1122 1544 lacrimas?

669 1606 881 1678 Pterophon.

1069 1701 1209 1760 Omnibus

290 1795 395 1854 1755111
415 1795 509 1867 portis
532 1794 646 1850 urbium
669 1799 699 1851 at
721 1795 895 1866 templorum
917 1796 1011 1852 ianuis

359 1880 484 1946 Adfixae
506 1889 618 1960 magnis
642 1893 709 1944 sunt
731 1889 831 1961 sigillis
855 1891 979 1947 litterae.

690 2001 856 2058 Iulianus.

360 2095 430 2164 Quis
453 2095 617 2152 litterarum
639 2093 762 2151 auctor?

667 2215 881 2287 Pterophon.

800 2307 1001 2367 Pammachius
1025 2311 1189 2384 episcopus.

690 2420 862 2478 Iulianus.-

359 2515 434 2584 Quid
456 2511 596 2571 narrant?

668 2625 883 2699 Pterophon.
995 2666 996 2670 =

637 2729 677 2787 Te
700 2731 849 2801 indignum
873 2731 1018 2788 Caesareo
1043 2731 1174 2790 culmine.

688 2843 857 2899 Iulianus.

358 2935 433 3006 Quid
455 2933 579 3007 postea?

666 3057 881 3128 Pterophon.

614 3151 674 3208 Illis
699 3152 848 3223 depositus
872 3169 902 3208 es
927 3158 957 3209 ut
979 3151 1079 3209 inferis

287 3263 343 3304 nau
357 3245 541 3301 Auctoritate
565 3245 699 3302 addictus
726 3246 897 3316 apostolica.

626 3385 630 3392 ·
687 3366 857 3422 Iulianus.

921 3461 1073 3533 Equidem,

357 3553 473 3622 Nestor,
498 3555 669 3611 tumeliam
693 3554 842 3612 cuiusdam
866 3556 996 3612 meminit
1017 3557 1165 3627 practicae

359 3649 517 3706 Romanae.
542 3649 723 3720 Dispeream
748 3649 772 3705 si
795 3665 852 3706 non
875 3650 948 3707 haec
970 3651 1101 3722 practica
1125 3655 1178 3707 est.
