2824 4188
387 288 599 348 Nuoduouovs
623 289 831 336 remunerare.
855 279 878 347 I,
903 280 931 336 4.
1107 280 1145 338 30

388 525 391 528 ,
477 512 480 518 .
574 465 743 523 IuHanus

377 559 456 618 Satis
479 559 603 632 superbe
626 560 766 618 adversus
780 559 955 626 Gaesarem.

229 654 262 712 Si
283 671 343 712 non
364 659 479 712 vestrae
503 671 597 712 essem
619 653 698 724 fidei,
723 655 801 712 baud
824 656 866 714 sic
889 661 1098 715 contemneres,

228 747 297 806 Scio
320 765 371 806 vos
395 765 459 806 esse
483 748 628 819 doctores
657 766 728 822 qnos
752 749 877 819 audiam,

229 841 261 900 Si
283 859 355 900 sana
378 843 552 916 docueritis;
576 860 669 913 secus,
694 845 720 900 si
742 844 884 902 morbida.

228 937 315 999 Nulla
337 933 382 1006 εἷς
404 929 539 1014 ἄπειρον
560 938 633 1010 ligat
655 937 852 997 oboedientia.

169 1050 215 1094 800
229 1031 351 1090 Achillis
375 1032 453 1102 audi,
478 1031 631 1106 Porphyri‚
656 1020 846 1091 sententiam:
901 1099 903 1104 ¹

229 1123 293 1183 Καὶ
315 1131 381 1194 τοῖς
402 1120 587 1203 Ἀτρείδαις,
610 1120 649 1206 ἢν
670 1123 732 1202 μὲν
754 1121 892 1205 dychrum
914 1121 1025 1198 καλῶς,

230 1214 417 1297 Πεισόμειφ·
441 1215 521 1279 ὅταν
542 1215 578 1278 δὲ
599 1217 643 1300 μὴ
667 1216 782 1291 καλῶς,
805 1216 843 1281 οὐ
864 1218 1057 1299 πεισόμεθα.

171 1326 242 1380 [Due]
264 1315 357 1373 Huius
381 1320 411 1373 et
434 1333 488 1388 ego
512 1333 583 1385 sum,
608 1317 737 1390 nequid
760 1333 850 1386 emec,
875 1317 1047 1378 sententiae.

546 1427 777 1500 Porphyrius.

231 1532 261 1589 ls
286 1531 398 1589 scilieet
420 1535 452 1587 tu
475 1547 516 1600 es,
541 1532 589 1604 qui
612 1531 776 1589 doctrinam
798 1532 917 1618 iudicet,
968 1610 970 1614 .

171 1645 217 1688 aes
232 1626 280 1684 An
302 1643 374 1684 sana
397 1630 447 1684 aut
469 1625 604 1684 morbida
626 1623 684 1683 sit?

578 1736 749 1795 Iulianus.

635 1841 702 1898 Non
725 1857 788 1913 ego,
812 1839 898 1910 bone,
926 1837 979 1897 sed
1002 1856 1103 1898 sacrae

233 1934 396 1993 Ostendent
417 1935 534 1992 litterae
557 1952 659 1992 sanum
681 1939 768 2007 atquo
791 1934 964 1992 morbidum.
992 1981 993 1986 ,

551 2046 780 2118 Porphyrius.

234 2151 274 2208 Et
297 2167 347 2208 cas
370 2155 402 2208 tu
425 2146 592 2222 intellegis?
616 2149 690 2207 Mox·
710 2155 749 2218 te,
766 2155 912 2222 qnantum
934 2149 1052 2223 quidem

235 2245 339 2314 Video,
364 2244 522 2310 damnabili
544 2243 708 2317 inquinabis
731 2244 848 2302 haeresi

234 2339 342 2397 Volens
366 2339 525 2411 scripturas
549 2339 635 2396 aliter
656 2338 835 2411 intellegere,
860 2353 986 2412 quama

175 2453 221 2496 aro
236 2433 326 2492 Sacra
350 2433 484 2491 Romana
505 2433 685 2506 permittitur
708 2433 839 2491 eeclesia.

581 2553 752 2611 Iulianus.

228 2657 279 2723 ATu
301 2657 388 2716 homo
412 2655 473 2715 fere
496 2657 567 2714 mihi
590 2657 772 2714 stomachum
799 2672 906 2713 moves.
937 2655 1003 2714 Tibi
1031 2657 1151 2726 suadeo,

235 2751 366 2824 Linguae
389 2752 514 2823 imperes
537 2755 605 2809 tuae
627 2767 681 2810 noc
703 2751 745 2808 ita
769 2749 923 2808 clementia

236 2846 376 2904 Abuteris
399 2862 465 2904 mea
487 2850 573 2918 atque
596 2844 827 2902 mansuetudine.

215 2941 292 2999 *Dic
314 2941 393 3011 mihi,
417 2945 511 3013 pater,
535 2956 608 3012 quae
631 2940 761 3011 postulat
782 2938 838 3007 hic,
866 2955 935 2995 num
956 2939 1087 3010 postulat

177 3055 222 3097 aus
237 3035 300 3093 Tuo
324 3052 361 3092 ex
384 3031 501 3118 animo?
604 3107 605 3110 Ἴ

540 3145 793 3204 Pammachius.

563 3240 611 3298 Sic
633 3241 715 3297 iussi.

584 3351 757 3408 Iulianus.
870 3415 872 3420 ¹

745 3441 881 3501 Iussisti?
906 3443 929 3502 0
954 3431 1040 3502 deum

251 3683 283 3717 ⁸⁰¹
303 3681 450 3752 Euripides
469 3679 499 3736 in
516 3677 663 3750 Iphigenia
681 3676 711 3732 iu
727 3675 838 3734 Aulide.
