2824 4196
371 244 584 304 nnoouoneva
606 245 811 290 raunaonivs.
840 235 892 302 ΙΙΙ,
920 235 947 291 5.
1089 237 1147 294 119

245 419 330 488 Quod
353 420 470 493 regibus
495 422 606 478 cunctis
630 427 676 478 est
699 422 811 494 signum
834 423 946 492 gratiae

164 531 230 574 2665
245 513 285 570 Et
307 515 412 572 merito
437 516 568 573 omuibus
593 521 637 573 est
660 517 854 588 gaudendum,
880 517 904 572 si
928 517 1049 588 digitulo

246 607 368 666 Tantam
391 627 448 667 uno
472 612 586 682 possint
608 611 795 668 sanctitatem
817 615 945 682 tangere.

533 721 786 778 Pammachius

244 813 307 870 Iam
329 832 413 884 nunc,
437 815 487 885 fili,
512 817 701 873 iurisiurandi
725 821 788 872 esto
812 831 923 873 memor

244 908 340 980 Atque
365 910 501 982 deinceps
524 912 632 968 nostris
654 916 757 982 pareto
781 910 921 967 iussibus!

577 1031 746 1088 Iulianus.

243 1122 329 1180 Dabo
353 1125 487 1196 equidem
511 1143 638 1198 operam,
662 1131 755 1197 pater.

534 1237 787 1295 Pammachius.

708 1332 799 1389 Abito
821 1350 896 1388 nunc
920 1333 959 1390 ad
981 1331 1062 1390 tuos!

169 1434 231 1486 [Ila]
254 1423 326 1481 Mox
349 1441 402 1496 ego
427 1427 538 1482 eunctis
561 1426 740 1498 principibus
764 1432 850 1498 atque
874 1427 998 1484 subditis

245 1517 341 1576 Istaec
364 1518 485 1576 foedera
508 1520 642 1589 scribam,
667 1526 699 1576 nt-
722 1527 750 1577 te
767 1526 926 1592 agnoscant
943 1521 1099 1578 Caesarem
1120 1524 1151 1577 et

246 1611 364 1670 Priores
387 1614 500 1672 litteras
525 1632 589 1672 esse
613 1616 706 1672 sciant
727 1615 839 1672 inritas

575 1725 745 1783 Iulianus.

245 1817 347 1875 Recte.
372 1818 443 1876 Vale
466 1819 568 1891 igitur!

533 1931 787 1988 Pammachius.

553 2026 611 2083 Abi
633 2026 772 2083 feliciter!

576 2136 744 2194 Iulianus,

738 2231 804 2288 Tibi

246 2323 378 2382 Gratiam
401 2325 504 2393 habeo,
530 2325 683 2398 Porphyri,
708 2344 761 2397 pro
785 2327 860 2382 istac
884 2329 1047 2396 operatua
1140 2365 1141 2368 ,

169 2437 229 2479 2675
244 2419 361 2498 Etvtibi
384 2419 476 2476 libens
500 2420 573 2477 beno
596 2420 696 2478 faxim.

589 2533 729 2589 Nestor.

688 2626 720 2695 Ο,
746 2626 862 2697 subigas
886 2625 916 2681 in
939 2623 1068 2680 crucem!

548 2737 775 2810 Porphyrius.

244 2833 397 2904 Equidem,
423 2832 540 2902 Caesar,
566 2849 652 2904 agere
675 2832 785 2904 gratias
812 2831 884 2887 nihil
907 2835 953 2886 est
976 2831 1057 2901 opus‘.

245 2927 386 2985 Libenter
409 2928 488 2985 soleo
513 2928 569 2984 tuis
594 2943 714 2998 operam
737 2927 807 2983 dare
834 2925 1003 2982 commodis.

576 3048 745 3104 Iulianus,

246 3144 328 3213 Veni,
352 3143 475 3201 Nestor!

592 3254 731 3311 Nestor.

482 3349 623 3406 Tenebris
646 3347 795 3419 perpetuis
818 3345 866 3402 hic
890 3345 951 3402 dies

246 3443 427 3502 Involvatur!
451 3443 535 3500 Adeo
559 3443 652 3500 invisa
677 3442 758 3500 dedit
781 3441 885 3498 omnia.

171 3558 231 3601 aoao
246 3539 357 3596 Audire
381 3539 470 3610 impia
494 3543 522 3594 et
545 3538 692 3594 horrenda
715 3536 786 3594 fecit
809 3552 937 3592 cernere.

246 3634 442 3691 Dominantur
464 3633 548 3701 servi,
574 3637 605 3689 at
629 3631 745 3703 sanguis
768 3629 965 3687 nobilissimus
