2824 4196
280 267 339 325 128
479 279 692 336 nnoesoaovs
716 278 922 324 Pauunonrvs
947 267 996 336 IV,
1025 272 1050 324 1.

687 453 841 512 Veritas

348 549 371 608 0
394 550 516 607 miseros
539 548 677 606 mortales
700 566 746 606 me
769 549 890 606 absente
914 553 944 605 et
965 548 1111 620 perditos!

345 644 491 702 Vidistine
514 643 625 716 aliquos
648 643 723 701 hano
747 642 901 715 deplorare
923 643 1079 713 miseriam,

274 757 332 800 aeae
346 739 524 798 Desiderare
547 755 592 795 me
617 743 646 795 et
668 739 789 796 meliora
812 735 973 810 quaerere?

667 849 862 906 Parrhasia

344 945 433 1015 Hera,
457 948 491 1002 ut
512 959 580 1002 vere
604 943 707 1012 dicam,
731 959 902 1016 perpaucos,
928 943 975 1001 vix
999 943 1100 1001 decem

345 1039 392 1098 Ex
414 1039 500 1096 mille.
526 1038 594 1095 Illos
618 1039 707 1096 etiam
729 1039 787 1095 iarn
810 1037 909 1095 taedet
934 1038 1037 1096 vivere.

345 1132 403 1191 Pro
428 1138 457 1190 te
480 1133 628 1205 suspirant
648 1131 844 1198 neoverbum
867 1131 976 1189 audent
997 1131 1139 1204 proloqui.

343 1227 440 1294 Orant
462 1227 548 1285 deum
570 1227 659 1284 tacite
683 1226 843 1295 dumtaxat,
868 1242 904 1283 no
928 1225 1012 1283 simul

273 1340 332 1383 eaeo
348 1321 419 1379 Cum
443 1321 577 1379 Sodomis
601 1326 631 1378 et
652 1320 803 1392 Babylone
826 1320 891 1378 illos
914 1320 1038 1392 perdere
1061 1320 1138 1377 velit.

682 1431 837 1489 Veritas.

346 1527 441 1585 Roma
462 1527 552 1599 igitur
574 1526 702 1584 Sodoma
726 1532 771 1582 est
794 1531 823 1584 et
844 1525 978 1598 Babylon
1005 1531 1035 1583 et
1062 1526 1088 1582 si
1111 1525 1179 1598 quid
1203 1532 1253 1583 est

345 1621 495 1694 Babylone
517 1619 622 1693 peius‘?

660 1740 862 1798 Parrhesia.

581 1835 667 1893 Certe
690 1836 721 1896 in
742 1835 799 1892 hoe
821 1851 916 1892 rerum
941 1839 1028 1892 statu.

685 1955 839 2013 Veritas

345 2051 421 2121 Quid
445 2067 513 2123 ergo
537 2047 668 2124 agimus?
691 2049 769 2106 Num
790 2066 850 2106 non
871 2054 957 2120 putas
980 2047 1065 2107 nobis
1087 2049 1182 2107 locum

344 2145 503 2217 Superesse
526 2145 556 2202 in
578 2142 698 2202 terris?

658 2255 853 2313 Parrhesia

652 2349 699 2407 Ex
721 2366 785 2406 meo
808 2349 865 2408 hoc
887 2349 1016 2421 periculo

185 2507 187 2510 .
271 2463 329 2506 asoa
343 2444 446 2503 Disce!
470 2443 546 2514 Quid
569 2443 639 2500 alibi
661 2444 700 2500 sit
722 2443 753 2499 in
775 2447 820 2500 tot
842 2443 948 2516 regnis
972 2443 1085 2514 nesoi03

343 2539 476 2598 Romana
497 2538 593 2596 locum
614 2537 669 2594 tibi
690 2555 750 2594 non
772 2538 914 2595 concedet
937 2538 1026 2594 ouria.

343 2633 420 2704 Quin
442 2634 531 2692 etiam
552 2632 628 2698 itali,
653 2632 771 2704 Illyrici,
796 2631 885 2701 Seoti,
910 2631 1051 2704 Hungari‚

343 2729 476 2800 Hispani,
501 2727 585 2797 Galli,
610 2727 706 2799 Angli,
730 2726 878 2796 Germani,
904 2725 1055 2784 Sarmatae

343 2822 476 2896 Denique
497 2822 607 2880 idolum
629 2821 792 2878 Romanum
816 2837 915 2880 omnes
938 2821 1104 2892 pertiment.

683 2941 836 2998 Veritas.

271 3055 328 3098 aeto
343 3038 409 3095 Heu
431 3037 555 3094 miserae
578 3035 662 3093 mihil
687 3035 863 3106 Perpetuam
886 3034 1166 3117 ensiliumnuntias.

657 3147 860 3204 Parrhesia.

343 3243 541 3315 Nequaquam,
565 3242 645 3311 hera,
670 3242 695 3298 si
717 3241 809 3298 mavis
833 3240 916 3298 exuri
938 3240 1052 3298 millies.

679 3361 835 3417 Veritas

342 3456 418 3514 Num
442 3461 564 3514 exurent
586 3451 800 3513 immortalem?

658 3552 860 3624 Parrhesia.

783 3660 831 3717 Sio
853 3659 1008 3718 videbitur.
