2824 4196
375 273 816 334 9999999999,99999999199.
843 265 891 334 IV,
917 265 945 322 2.
1085 267 1139 324 131

578 449 739 508 Satanas.

243 543 344 601 Recte.
370 543 432 601 Sibi
455 545 575 616 quisque
597 545 693 602 locum
717 545 814 616 eliget,
840 562 923 617 quem
946 547 1087 618 percupit.

172 673 242 727 [Km]
591 664 731 722 Dromo.
1063 731 1067 736 ยน

244 757 328 827 Hem,
353 758 488 815 monachi
511 759 674 816 sortiuntur
694 758 865 816 verberibus
888 759 991 816 locum.

582 886 743 945 Satanas.

242 981 289 1039 Ha
311 981 350 1039 ha
372 981 425 1038 hel
449 979 581 1050 Quernas
604 981 660 1037 illis
684 980 769 1039 adfer
790 979 892 1053 199199,
915 981 1041 1040 Dromo!

170 1095 228 1136 2929
244 1075 292 1133 Sic
313 1077 372 1134 ista
395 1076 489 1133 solent
512 1081 647 1133 constare
670 1093 762 1133 sacra.
787 1076 855 1133 Non
875 1077 996 1148 parcite,

244 1169 375 1239 Caedite,
400 1169 506 1227 bibite!
530 1169 645 1239 Turbis,
669 1171 750 1240 rixis
776 1171 959 1241 clamoribus,

242 1265 337 1322 Alatis
359 1265 472 1337 poculis
495 1270 614 1322 resonet
637 1265 813 1322 convivium!

242 1358 347 1428 Vultis
372 1358 515 1416 adducam
538 1359 658 1430 singulis
682 1363 810 1416 scortum
834 1357 970 1431 elegans?

242 1452 336 1510 Video
360 1470 411 1511 vos
434 1453 516 1510 velle.
540 1453 654 1524 Adduo,
677 1452 798 1522 Dromo,
823 1454 1066 1525 quamplurima!

170 1565 227 1607 2929
242 1547 329 1604 Nulla
351 1547 413 1604 sine
435 1546 604 1604 mulieribus
628 1552 696 1603 sunt
717 1548 803 1617 plena
824 1547 940 1619 gaudia.

590 1675 729 1733 Dromo.

244 1768 356 1826 Rursus
379 1786 476 1841 pugna
497 1769 683 1827 incrudesoit.

576 1889 737 1948 Satanas

683 1984 745 2040 Iam
768 1984 893 2054 patinas
916 1984 1037 2052 Dromo,

244 2075 337 2135 Adfer
358 2077 443 2135 bonis
467 2076 583 2135 avibus!
606 2077 654 2135 En
675 2078 723 2134 hic
746 2078 881 2150 princeps
903 2076 960 2135 fuit

243 2172 366 2230 Animae
390 2187 459 2229 suae
482 2187 609 2242 parvos
633 2172 783 2228 consulere
806 2171 914 2229 volens
937 2172 1014 2230 Boni

243 2264 400 2334 Consulite,
415 2265 507 2322 edite!
521 2264 605 2335 Quid,
619 2262 807 2323 Pammachi?
820 2263 880 2322 Cur
888 2283 946 2324 uon
955 2283 1058 2338 capum
1069 2268 1146 2326 hunc

171 2377 229 2420 2999
243 2357 416 2418 Dilaoeras?
442 2358 501 2416 Cur
522 2376 581 2417 non
602 2359 736 2418 rabidam
759 2360 879 2432 depellis
902 2359 1028 2420 famem?

242 2453 290 2511 Sio
312 2452 402 2511 facito
426 2458 457 2511 et
479 2459 593 2511 ceteros
617 2454 753 2511 convivas
776 2454 915 2512 admone!

240 2546 335 2605 Adfer
349 2547 437 2616 aliud,
453 2547 573 2616 Dromo,
590 2564 694 2620 nempe
709 2548 821 2604 assum!
836 2548 919 2605 Haec
936 2564 1052 2606 comesa
1068 2555 1142 2606 sunt.

244 2639 362 2713 Carpite
384 2641 475 2698 nunc!
499 2641 579 2698 Istuc
602 2646 648 2698 est
670 2641 797 2698 cadaver
820 2641 927 2711 divitie,

244 2735 336 2805 Quem
359 2736 431 2792 iussi
453 2734 536 2793 vobis
560 2739 766 2792 testamentum
789 2735 924 2793 condere.

589 2863 728 2921 Dromo.

171 2975 229 3018 2999
245 2957 278 3027 O,
302 2975 402 3014 rursus
426 2963 563 3030 pugnant.

576 3084 735 3142 Satanas.

529 3179 630 3236 Recte.
655 3176 779 3235 Infunde
801 3178 924 3250 largius!

243 3271 384 3344 Cadaver,
408 3278 441 3330 ut
462 3272 578 3344 videtis,
603 3275 648 3329 est
670 3272 898 3344 pinguissimum.

242 3367 322 3424 Tolle
345 3367 402 3425 hoc
424 3371 454 3424 et
477 3383 590 3438 appone
613 3365 706 3424 aliud!
729 3365 811 3424 Haec
833 3367 920 3424 vidua
943 3372 988 3424 est
1011 3367 1123 3439 domus,

241 3459 320 3530 Quae
344 3466 506 3518 vestrarum
528 3476 646 3533 precum
670 3477 734 3518 esse
756 3460 873 3518 volebat
895 3461 1051 3533 particeps.

226 3553 345 3626 'Opima
368 3555 498 3628 supellex
521 3559 574 3611 est.
599 3555 709 3612 Vorate
732 3555 845 3626 singula

169 3658 244 3713 [naa]
267 3648 329 3706 Nec
352 3651 437 3707 tectis
460 3650 506 3706 his
528 3665 582 3706 nec
605 3648 801 3706 fundamentis
824 3649 950 3720 parcite!

904 3746 937 3799 9*
