2824 4188
378 289 821 352 nnoonoaovS,muuucu1vs.
846 282 869 353 I,
898 286 928 357 13
953 284 980 341 2.
1129 286 1165 343 21

254 470 314 524 Aut
337 432 398 525 oris
422 467 463 524 illi
487 485 519 525 os
543 467 698 526 obturetur
719 471 853 541 putridis.

253 561 380 619 Proinde
404 563 428 619 si
452 563 536 633 sapit,
562 568 664 620 caveat
686 570 716 622 et
738 565 768 622 in
792 564 871 622 aliud

254 656 407 714 Mordacia
430 673 483 713 sua
505 656 595 715 verba
616 662 730 730 tempus
754 657 878 717 differat.

477 843 601 902 iesvs
625 845 647 902 1.
694 844 823 903 sonim
846 846 884 903 11.
964 805 967 810 ’

440 1007 442 1015 2
473 987 474 990 ’
505 982 675 1040 Iulianus.
721 984 861 1042 Nestor.

599 1121 770 1180 Iulianus.

255 1219 331 1292 Quid
353 1221 407 1280 tibi
429 1239 504 1281 nova
526 1224 638 1296 religio,
662 1225 780 1294 Nestor,
807 1223 923 1298 placet?

612 1328 753 1386 Nestor.

942 1414 1067 1488 Optime.

198 1521 241 1563 ars
257 1503 388 1561 Gratiam
410 1505 505 1562 haheo
530 1506 594 1576 deo,
619 1508 667 1579 qui
689 1524 735 1566 me
759 1509 894 1580 dignatus
918 1515 963 1566 est

256 1598 303 1656 Ex
325 1597 426 1656 inferis
448 1617 586 1658 revocare
609 1603 695 1674 inque
719 1603 764 1660 sui
785 1601 838 1660 filii

256 1692 302 1750 Ex
325 1694 388 1752 sola
410 1695 506 1766 gratia
527 1712 636 1767 ponere
659 1698 847 1754 consortium.
921 1707 926 1720 ·

601 1790 772 1848 Iulianus.

257 1883 348 1940 Recte
372 1885 471 1941 sentis.
496 1883 590 1956 Saepe
613 1902 667 1957 ego
690 1902 803 1942 mecum
825 1885 988 1955 considero,

257 1977 291 2033 In
313 1979 428 2050 quantis
451 1979 560 2036 versati
582 1977 689 2036 fuimus
713 1979 871 2048 erroribus

198 2090 241 2131 aso
257 2071 394 2129 Viventes
417 2074 447 2129 in
470 2089 581 2130 summa
604 2073 652 2130 dei
673 2074 840 2146 ignorantia

256 2166 319 2225 Nec
340 2167 371 2224 id
389 2168 519 2224 scientes
542 2168 705 2240 perspicue,
730 2168 807 2240 quod
832 2169 965 2226 viximus.

256 2261 395 2334 Magnum
418 2266 463 2319 est
485 2261 533 2319 dei
555 2263 597 2320 sie
619 2263 782 2334 praeveniri
805 2264 900 2335 gratia

200 2365 265 2417 [Cib]
279 2355 319 2412 Et
341 2360 439 2413 tantas
461 2373 508 2412 res
532 2357 594 2413 sine
617 2357 729 2429 magnis
753 2357 828 2415 scire
855 2356 1026 2429 sumptibus.

258 2449 344 2508 Certe
368 2467 468 2508 omnes
491 2455 592 2524 gentes
616 2456 683 2508 sunt
706 2468 810 2509 caecae
834 2456 920 2524 atque
943 2451 1086 2524 perditae,

199 2562 242 2604 355
258 2543 339 2613 Quae
362 2544 510 2602 Christum
532 2546 647 2617 penitus
671 2545 802 2618 adeoque
824 2546 960 2618 ignorant
987 2545 1083 2602 deum.

258 2638 332 2708 Heu,
356 2656 441 2711 quam
464 2640 540 2696 mala
563 2646 630 2696 sunt
653 2656 768 2711 semper
790 2639 977 2710 conscientia,

258 2733 381 2791 Incertis
404 2739 432 2792 et
457 2734 597 2791 doctrinis
621 2749 736 2805 semper
761 2732 916 2792 fluctuant!

258 2827 342 2897 Quod
364 2845 440 2885 nune
463 2829 566 2897 sentio,
592 2833 745 2900 postquam
767 2828 896 2886 tenebris
920 2832 1019 2885 erutus

258 2921 409 2980 Prioribus
431 2924 462 2980 in
484 2923 581 2980 Iesum
604 2922 751 2980 Christum
774 2923 894 2980 credere

200 3035 243 3077 aaa
259 3016 359 3089 Coepi.
384 3017 446 3075 Iam
468 3019 578 3076 tutiora
601 3022 668 3074 sunt
693 3017 823 3089 pericula

258 3112 371 3184 Omnia,
394 3113 497 3170 mortis
521 3112 605 3170 abest
627 3117 724 3169 terror
745 3111 830 3184 longe
853 3111 1004 3194 maximus.

259 3206 318 3263 Cur
340 3212 515 3278 anteponam
537 3207 691 3264 thesauros
714 3207 795 3263 hisce
818 3201 968 3263 Arabum?
992 3204 1032 3261 Et
1054 3203 1092 3260 ad

259 3301 340 3360 Haec
362 3302 490 3359 universi
513 3301 583 3374 quid
604 3300 704 3358 mundi
728 3305 773 3357 est
794 3297 947 3372 potentia?

615 3395 758 3452 Nestor.
1003 3379 1005 3382 ¹

259 3489 412 3562 Equidem,
438 3489 556 3559 Caesar,
580 3489 727 3546 mundana
750 3489 847 3546 omnia
869 3488 894 3545 si
918 3486 1052 3546 conferas

201 3603 244 3645 555
260 3585 308 3642 Ad
332 3585 528 3657 cognitionem
550 3583 634 3654 hanc,
658 3584 711 3640 rin¹
730 3587 797 3642 sunt
820 3583 908 3654 digna
929 3581 1055 3639 nomine.

259 3679 340 3736 Nihil
362 3679 404 3736 illi
427 3678 519 3749 deest,
543 3679 592 3750 qui
615 3677 763 3735 Christum
785 3693 854 3734 vere
877 3676 1000 3734 noverit.
