2824 4188
259 213 298 269 30
469 221 681 283 suessonam,
705 225 911 270 enunncmvs.
936 215 958 284 Ι,
985 215 1012 270 3.

314 400 399 457 Vitae
422 416 492 457 suae
515 400 632 471 reliquit
654 406 849 470 monumenta,
874 400 1003 458 tenebris

314 497 374 552 Aut
396 495 513 552 deditus
535 495 612 552 ultro
636 501 687 552 aut
708 496 853 567 impotens
877 511 1034 567 emergere.

371 595 373 602 ’
616 589 869 647 Pammachius,

315 685 383 742 Non
405 684 527 756 amplius
550 683 600 740 illa
622 701 667 741 me
691 701 742 755 spe
765 683 898 755 protrahi
922 684 1014 740 sinam

257 799 299 840 aso
315 779 349 836 ln
372 779 594 852 regeneratione
617 776 680 836 fore
703 777 853 835 laboribus

316 875 430 932 Nostris
454 872 627 930 mercedem.
672 871 757 930 Nunc
780 888 833 944 ego
856 871 941 929 bonis
964 871 1074 943 pertrui

315 969 355 1026 ldt
376 972 545 1040 praesentes
568 965 679 1024 fructus
703 967 780 1024 malo
805 967 971 1038 decerpere,

317 1063 387 1120 Post
409 1066 532 1120 mortem
554 1061 667 1118 incerta
690 1078 755 1118 cum
778 1061 817 1118 sit
839 1077 886 1117 res
910 1065 940 1118 et
962 1061 1096 1132 pendula,

316 1159 360 1216 Ne
384 1158 446 1230 quis
470 1157 554 1214 hians
576 1156 708 1227 privetur
731 1155 816 1212 simul
839 1159 869 1212 et
890 1153 1093 1226 praesentibus

259 1271 301 1312 aas
316 1255 411 1325 Atque
434 1251 539 1309 futuris
562 1251 708 1321 risumque
732 1249 842 1306 cunctis
865 1249 1015 1320 praebeat.

631 1343 860 1415 Porphyrius.

316 1441 356 1498 Et
378 1441 440 1514 quis
465 1440 520 1497 scit
542 1439 669 1507 tandem,
694 1455 731 1494 an
752 1443 854 1495 nostra
869 1443 1023 1510 resurgant
1039 1455 1163 1510 corpora
1182 1445 1234 1495 aut

317 1535 388 1594 Cum
412 1534 529 1606 reliquis
553 1537 695 1605 perpetuo
717 1537 840 1604 pereant
862 1531 1077 1590 animantibus?

317 1631 402 1688 Certe
425 1629 504 1686 nulla
526 1628 582 1686 hoe
604 1627 714 1698 poterit
735 1627 818 1684 ratio·
836 1627 1008 1684 concludere

316 1725 428 1784 lladem
452 1739 571 1780 numero
595 1721 692 1778 redire
716 1725 854 1794 corrupta
877 1721 966 1778 semel
989 1726 1019 1778 et

259 1839 301 1880 soli
317 1821 350 1878 Iu
372 1819 449 1877 idem
473 1817 652 1876 destructam
674 1815 791 1872 restitui
814 1814 1014 1872 substantiam.

269 1926 324 1978 can]
619 1909 871 1968 Pannuachius.

318 2008 440 2066 Pulchre
465 2006 546 2064 dicis.
572 2004 629 2062 Sed
652 2005 724 2062 heus
748 2007 918 2076 laqueosa,
942 2003 1095 2076 Porphyri‚

318 2105 425 2162 Iocone
449 2118 486 2158 an
510 2101 586 2156 serio
610 2116 675 2156 mea
697 2098 800 2156 laudas
825 2095 940 2155 omnia?

630 2192 860 2264 Porphyrius.

316 2293 383 2348 Non
405 2289 482 2346 serio
505 2287 629 2356 laudem,
653 2283 757 2358 pater?
782 2286 858 2356 Quid
881 2289 924 2343 est
947 2273 1039 2358 magis

314 2386 376 2443 Tuo
400 2400 520 2455 meoque
545 2399 580 2440 ex
602 2399 665 2450 usu,
690 2398 775 2452 quam
798 2381 876 2453 quod
897 2380 1051 2452 praedicas

260 2500 302 2541 aas
319 2481 358 2537 Et
380 2474 529 2535 instituis?
554 2476 629 2546 Quin
653 2476 741 2532 etiam
765 2476 897 2532 omnibus
921 2475 1052 2532 ecclesiis

317 2575 525 2633 Ornamentum
548 2571 693 2642 decusque
720 2569 798 2626 haud
821 2570 939 2641 vulgare
963 2568 1085 2626 adferet.

318 2670 452 2737 Tantum,
476 2672 509 2723 ut
532 2666 663 2737 coepisti,
688 2681 778 2736 perge
801 2663 919 2721 fortiter
941 2663 1074 2735 aggredi!

319 2765 386 2822 Non
407 2763 518 2835 poteris
543 2778 642 2817 errare
664 2776 758 2830 neque
780 2759 826 2816 vel
848 2759 905 2816 hoc
928 2758 1102 2829 delinquere.

318 2859 376 2916 Fas
400 2874 483 2916 omne
499 2854 638 2926 nefasque
662 2859 692 2910 et
713 2854 809 2924 legum
832 2852 991 2909 inmundo
1015 2851 1154 2923 quidquid
1177 2855 1231 2920 est,

261 2973 303 3014 ooo
320 2953 354 3010 In
375 2952 504 3024 pectoris
528 2950 571 3006 tui
593 2953 728 3006 versatur
751 2947 868 3016 scrinio,

319 3047 358 3104 Vt
381 3045 507 3104 omnium
530 3043 584 3100 tibi
607 3043 693 3100 cedat
715 3043 820 3098 merito
844 3039 1013 3109 auctoritas

319 3141 349 3198 Si
373 3139 487 3212 quando
510 3138 651 3206 homines,
675 3141 708 3193 ut
730 3141 798 3192 sunt
821 3134 981 3204 complures
1004 3131 1138 3204 improbi,

317 3236 395 3306 Quos
418 3233 568 3291 haeretica
590 3236 688 3288 movet
711 3235 740 3286 et
762 3229 855 3300 agitat
876 3227 998 3296 insania,

319 3331 411 3387 Facta
433 3333 484 3385 tua
506 3327 720 3399 reprehendere
744 3323 858 3390 vellent,
884 3338 956 3393 quaa
980 3337 998 3378 a
1021 3321 1125 3392 spiritu

260 3445 303 3486 oca
319 3425 418 3494 Longe
442 3423 540 3479 altiori
562 3420 793 3493 proficiscentur,
817 3431 901 3487 quam
924 3420 1031 3486 queant

318 3518 483 3575 Terrestria
506 3533 611 3588 capere
633 3513 750 3585 ingenia
772 3508 945 3566 mortahum.

319 3614 415 3683 Quare
439 3629 502 3683 age,
526 3627 661 3682 magnum
683 3606 737 3662 tibi
760 3621 805 3660 me
828 3601 991 3659 adiutorem
1014 3599 1156 3670 possides.
