2824 4196
282 215 322 271 56
488 224 702 286 unoouonovs,
724 227 929 273 raunaomvs.
954 216 992 286 ΙΙ,
1018 216 1046 273 3.

351 403 426 459 Nam
448 403 538 460 verba
561 420 657 460 sumus
680 403 866 476 interpretati
887 403 1013 476 pessime

351 496 391 553 Et
413 514 532 569 regnum
557 502 586 555 et
610 497 766 570 dignitates
789 498 1003 556 inculcavimus.

188 619 194 630 ¹
280 611 334 653 1105
349 591 453 663 Largis
475 596 629 662 praeterea
652 597 697 650 est
718 593 857 650 invitatus
879 593 1025 664 praemiis,

349 687 485 743 Animum
508 703 578 758 erga
600 703 653 744 nos
677 692 862 744 conservaret
883 692 916 744 ut
938 686 1124 745 immobilem.

281 781 428 845 [10018011
450 781 656 851 110111011101,
681 782 751 838 vicit
772 782 930 854 potentior,

355 876 438 933 Hanc
461 876 585 948 diruptis
608 875 701 934 feram
724 877 831 948 eripuit
853 893 869 933 0
893 875 1032 934 cassibus.

687 987 847 1046 Satanas

354 1083 460 1140 Parum
482 1081 614 1154 profecto
637 1082 720 1139 vobis
743 1087 789 1140 est
810 1083 920 1154 negotii

283 1197 338 1238 1100
354 1177 425 1234 Cum
449 1177 588 1236 subiectis
611 1182 641 1234 et
663 1183 766 1249 sponte
790 1177 991 1246 servientibus

354 1273 393 1328 Vt
415 1273 558 1330 universis
581 1272 681 1329 hostes
704 1273 819 1342 possint
840 1272 932 1344 copiis

354 1367 472 1424 Terreni
495 1372 525 1424 et
546 1368 660 1438 integro
684 1366 784 1424 vexari
807 1367 945 1435 exercitu,

354 1462 496 1520 Violentis
519 1467 552 1518 ut
575 1461 680 1518 cedant
702 1461 952 1544 impressionibus.

674 1571 869 1630 Stasiades.

354 1669 516 1736 Faciamus,
540 1667 684 1738 princeps,
708 1667 855 1736 nimbos,
879 1684 913 1725 ao
935 1665 1065 1725 fecimus.

689 1787 849 1845 Satanas,

284 1902 340 1943 noa
355 1880 500 1941 Fecistis?
524 1884 599 1952 Heu,
624 1883 689 1952 hen,
714 1887 821 1954 quanta
845 1883 880 1940 de
904 1899 954 1955 spe
978 1882 1084 1950 decidi,

355 1978 410 2048 Qui
434 1977 543 2035 Christi
564 1995 670 2036 nomen
693 1978 838 2049 exstingui
861 1978 1038 2049 speraverim

356 2073 412 2131 Per
434 2090 484 2131 vos
508 2073 551 2130 ita
573 2073 740 2144 versipelles
765 2077 794 2130 01
817 2073 1001 2130 doctissimos

356 2167 461 2225 Posse!
485 2166 556 2236 Nec,
581 2172 613 2223 ut
635 2168 800 2236 nuntiastis
825 2167 928 2224 aberat
949 2167 1118 2238 plurimum3

355 2264 395 2319 At
417 2279 493 2318 nunc
515 2261 670 2333 repullulat
693 2262 841 2333 surgitque
862 2260 988 2319 sortiter.

283 2375 340 2418 1000
356 2357 440 2427 Quod
462 2357 537 2415 male
560 2356 668 2414 vortat!
693 2356 750 2413 Por
772 2356 828 2413 hoc
850 2358 932 2428 regni
956 2362 1101 2428 sceptrum
1114 2347 1115 2351 ¹
1123 2374 1177 2429 per
1199 2362 1230 2414 01

356 2452 451 2524 Caput
473 2451 530 2508 hoo
552 2467 675 2520 sacrum,
700 2456 837 2523 quantum
859 2452 949 2508 fuerit
970 2452 1129 2524 potentiae,

355 2547 500 2623 Quantum
522 2545 637 2603 roboris
661 2547 866 2603 altissimarum
889 2547 1001 2617 virium,

355 2642 395 2698 Et
418 2641 565 2699 Christum
589 2658 744 2713 omnesque
769 2640 950 2699 Christianos
973 2658 1141 2713 persequar,

356 2737 474 2795 Illorum
497 2754 542 2794 me
565 2753 655 2808 usque
678 2735 863 2808 ingurgitabo
889 2737 1036 2808 sanguine,

286 2851 341 2892 mos
357 2832 458 2890 Donec
480 2849 565 2888 nemo
589 2832 635 2900 sit,
661 2831 709 2904 qui
731 2831 840 2888 audeat
862 2831 1008 2904 resistere,

358 2927 409 2984 Vel
432 2927 519 2996 solus,
545 2926 569 2982 si
592 2925 674 2983 vobis
697 2942 785 2998 grave
809 2930 854 2982 est
876 2931 927 2982 aut
949 2925 1092 2998 displicet.

703 3046 841 3104 Planus.

356 3141 423 3198 Non
445 3141 551 3210 1101010,
575 3142 710 3212 princeps
732 3141 865 3209 maxime,
890 3141 1033 3198 bonorum
1056 3139 1157 3198 dator!

356 3235 583 3306 Praestahimus‚
607 3235 685 3308 quod
707 3237 737 3292 in
759 3235 843 3295 nobis
868 3240 921 3304 est,
946 3241 1072 3292 strenue.

692 3346 851 3404 Satanas.

355 3442 404 3499 Ad
426 3442 482 3500 hoo
505 3441 550 3498 vel
571 3441 771 3498 iusiurandum
795 3458 812 3498 0
834 3441 916 3498 vohis
939 3441 1113 3512 praestitum

285 3556 342 3597 1010
358 3536 547 3594 Commoveat
570 3541 599 3594 et
620 3535 716 3608 pudor
739 3539 768 3592 et
790 3537 848 3593 mei
869 3535 1046 3604 reverentia,

284 3642 350 3694 [nra]
371 3632 429 3689 Per
451 3632 526 3688 hanc
549 3637 616 3688 ante
641 3631 739 3688 datam
761 3630 844 3689 vobis
868 3647 920 3688 oro
944 3630 1109 3698 dexteram:
