2824 4196
371 293 584 352 uaoononovs
606 293 812 338 Paunnomvs.
841 282 894 350 III,
924 284 948 338 Ι.
1108 283 1146 340 75

575 471 747 540 Iulianus

465 565 622 636 Imperium
645 581 729 622 omne
753 581 836 620 suum
858 564 930 621 dicit
952 563 1024 622 foro.

589 685 729 742 Nestor.

244 779 322 837 Satis
345 779 532 852 adroganter.

576 891 744 948 Iulianus.

553 985 593 1042 Et
616 1003 633 1042 a
656 1003 687 1042 se
710 991 813 1057 postea
837 985 979 1043 Caesares

243 1081 361 1138 Institui
385 1083 530 1152 oportere.

588 1189 728 1247 Nestor.

553 1285 630 1342 Satis
653 1285 796 1357 imperite.

575 1396 743 1454 Iulianus.

773 1546 774 1550 ,
830 1491 883 1546 Ait

243 1586 404 1656 Apostolos
427 1590 457 1641 ot
479 1585 588 1656 primos
613 1601 740 1657 quosque
765 1585 918 1656 episcopos

243 1679 292 1746 Et,
317 1679 394 1751 quod
418 1680 548 1737 contenti
571 1677 696 1736 docendi
718 1695 836 1736 munere

168 1793 226 1834 1620
241 1773 335 1830 Nullis
359 1790 411 1831 sua
434 1774 597 1831 ademerint
619 1774 741 1844 imperia
763 1773 890 1845 regibus,

241 1867 352 1925 Fatuos
375 1866 465 1926 fuisse
489 1873 519 1925 et
541 1868 658 1939 ignaros
682 1885 779 1924 rerum
803 1867 938 1924 omnium.

586 1980 727 2036 Nestor.

242 2073 319 2130 Satis
342 2073 438 2146 impie.

572 2185 740 2242 Iulianus.

436 2280 484 2337 Au
506 2279 563 2336 hoo
586 2297 616 2337 so
641 2281 850 2352 seripturarum
871 2280 1023 2352 praeditat

241 2373 358 2430 Habere
382 2375 589 2432 auctoritatem
611 2392 646 2432 ac
671 2374 818 2431 Christum
842 2375 968 2432 tradere.

586 2481 738 2552 Nestor(

240 2587 327 2657 Setia,
352 2589 429 2661 quod
453 2606 506 2660 ego
530 2590 628 2658 seiam,
652 2590 846 2661 mendaciter3
871 2594 922 2646 tua

168 2701 224 2744 1625
240 2683 325 2752 Quod
348 2683 431 2740 venia
455 2683 564 2740 dictum
587 2684 633 2752 sit,
660 2683 776 2740 Caesar.
803 2683 881 2752 Quis,
907 2683 1039 2752 obsecro,

240 2777 337 2834 Istae-o
360 2778 418 2834 iam
440 2777 559 2834 tandem
582 2777 624 2833 illi
646 2779 676 2834 in
699 2782 825 2834 mentem
848 2777 927 2834 misit
950 2774 1041 2834 deus?

239 2871 316 2941 Quid
339 2876 370 2928 tu
393 2869 482 2930 vero?
506 2873 553 2929 An
576 2872 718 2929 concedes
742 2872 798 2928 illis
821 2873 900 2941 talia,

238 2966 295 3024 Per
317 2983 390 3038 quae
413 2967 528 3038 imperii
551 2967 690 3022 minuitur
713 2967 851 3023 maiestas
874 2963 937 3024 tui?

570 3088 739 3144 Iulianus.

235 3181 303 3239 Non
326 3198 500 3239 conoessuro
526 3183 717 3240 comminatus
741 3186 786 3240 est
808 3181 892 3239 malo.

538 3359 542 3374 x
584 3303 724 3360 Nestor.
802 3317 804 3322 ’

115 3465 120 3477 ¹
165 3415 224 3457 1630
240 3396 485 3468 Satis'protorve.
510 3397 577 3454 Non
600 3402 698 3454 tamen
720 3397 817 3466 video,
845 3397 921 3454 illius

239 3491 459 3548 Incommodars
483 3492 552 3564 quid
575 3492 629 3548 tibi
651 3493 765 3563 possint
787 3491 891 3548 minae.

239 3585 334 3654 Quare
359 3602 478 3656 spernas
503 3591 533 3642 et
555 3587 651 3643 animo
676 3586 715 3642 sis
740 3585 929 3657 aequissimo!

238 3680 372 3737 Antehac
396 3681 549 3752 episcopos
573 3681 698 3738 minatus
723 3678 843 3736 Caesari
