2824 4196
388 273 603 335 nuoeuouova
627 278 834 336 rnunacmvs
859 274 881 344 I,
907 276 934 334 6.
1104 282 1143 338 47

186 493 189 498 .
244 445 324 517 Quae
348 449 514 510 Christiano
538 457 605 510 sunt
627 457 753 528 tegenda
773 459 872 532 pallio,

244 541 283 598 Vt
305 543 448 616 imperitis
471 546 638 618 imponatur
661 551 773 610 callide.

171 679 240 734 [ota]
530 674 784 748 Pammachius.

185 791 228 834 999
243 773 323 832 Bene
347 776 482 834 consulis.
507 777 680 850 Imposturis
704 800 776 855 opus
800 791 845 844 est
867 790 1008 863 maximis,

243 868 288 926 Ne
310 869 433 942 populus
457 871 641 931 abominetur
662 893 716 934 nos
738 883 824 952 atque
847 880 948 954 fugiat.

243 963 306 1020 Nec
329 964 405 1020 enim
427 965 501 1023 tales
523 976 649 1040 unquam
671 969 768 1030 ferent
790 976 952 1049 episcopm,
1029 998 1032 1002 ·

242 1057 298 1126 Qui
321 1057 447 1117 Satanae
471 1063 608 1134 serviant,
633 1065 657 1121 si
682 1076 859 1138 cognoscant
881 1075 977 1133 modo.

242 1151 308 1210 Hoc
330 1155 498 1232 antevenire
522 1157 657 1215 convenit
678 1161 847 1234 periculum,
884 1201 886 1206 ι

184 1263 226 1306 aas
241 1245 286 1304 Ne
309 1247 529 1320 descendamus,
554 1252 622 1310 dum
644 1254 775 1314 volumus
799 1249 973 1320 ascendere.¹

541 1381 770 1456 Porphyrius

242 1479 328 1538 Nulla
351 1479 478 1540 Satanae
500 1482 552 1541 fiet
574 1487 692 1557 mentia
721 1489 841 1548 sedvel
864 1492 911 1550 dei

241 1574 295 1631 Vel
318 1573 428 1633 Christi
451 1583 555 1635 cuncta
582 1585 649 1636 sunt
669 1580 797 1642 fucanda
818 1587 943 1646 nomine.

529 1689 781 1752 Pammachius

242 1779 328 1838 Seite.
416 1791 418 1794 “

453 1899 455 1902 ’
481 1971 483 1975 Ι
539 1896 771 1971 Porphyrius.

372 1997 447 2055 Illud
469 1999 592 2071 populus
615 2002 756 2074 suscipiet
777 2011 894 2064 vertens
916 2007 999 2080 bene,

240 2089 321 2160 Quae
344 2093 488 2164 egerimus
512 2096 617 2153 omnia.

527 2223 780 2285 Pammachius,

576 2328 709 2387 Pulchre.

427 2467 430 2476 ¹
537 2449 768 2525 Porphyrius.
873 2480 876 2486 ·

728 2548 886 2621 Scripturis
910 2569 1022 2626 quoquc

165 2652 223 2694 roco
238 2633 297 2692 Res
320 2635 509 2696 defendemus
532 2646 648 2698 nostras
672 2659 757 2714 quarn
779 2642 949 2717 fortissime,

237 2728 286 2809 Nii
308 2730 344 2788 de
368 2733 559 2792 sanctissimis
582 2740 615 2792 ut
638 2737 768 2808 cogitent
789 2739 866 2796 mali.

419 2844 422 2850 '
526 2837 778 2904 Pammachius.

235 2933 347 2993 Laudo.

538 3051 779 3128 Porphyrius
833 3065 841 3074 ·
896 3057 899 3065 '

369 3152 431 3211 Nos
454 3154 571 3212 interim
595 3160 691 3212 cutem
715 3141 888 3229 curabimus,

236 3243 412 3330 Statuamus,
439 3248 647 3330 ordinabimus,
671 3251 884 3322 mandabimus,
940 3331 942 3337 Ι

235 3337 315 3408 Quae
338 3339 449 3420 faciant
471 3342 501 3400 in
523 3341 585 3401 rem
606 3349 746 3416 nostram,
771 3345 938 3404 Pammachi
960 3354 1054 3420 pater.

260 3481 263 3488 ·
360 3511 361 3514 ,
470 3471 777 3535 ·Pammachius.

162 3587 220 3630 roos
235 3569 300 3628 Hoc
322 3588 411 3629 unum
433 3578 540 3657 restat:
564 3575 644 3634 haec
661 3577 786 3635 consilia
805 3581 838 3634 ut
861 3583 928 3664 sunt
949 3578 1035 3649 bona,

233 3655 280 3714 Ita
302 3660 534 3730 quamprimum
556 3667 623 3719 sunt
644 3658 832 3735 perficienda,
847 3662 1014 3737 ·Porphyri.'
