2824 4196
302 237 340 293 76
496 243 711 302 uaoesonevs
734 245 943 290 ranunculus.
967 235 1020 303 ΙΙΙ,
1050 236 1074 289 Ι.

371 422 537 479 luauditum
560 426 613 491 est,
638 421 690 478 sed
713 421 810 489 etiam,
836 438 900 478 oum
923 422 1100 479 mollissimis

240 544 243 550 ¹
300 535 356 577 roae
371 516 608 588 Adloquerentur
629 515 734 582 verbis,
762 516 839 572 vitae
861 517 1021 587 perieulum

300 623 365 676 [Feb]
390 610 618 667 Formidandum
644 609 708 666 fuit.

650 743 652 751 ¹
702 721 871 777 lulianus.

732 815 840 872 Verum
863 815 945 884 dieis,
970 832 1062 887 neque

372 911 456 966 Nune
477 911 593 981 impune
616 908 735 977 ferrent,
760 910 784 966 si
807 927 866 967 non
887 915 1008 980 propter
1029 909 1118 967 fidem

370 1005 433 1063 Hoe
455 1004 542 1061 modo
566 1003 662 1076 aliquo
686 1009 765 1060 esset
786 1003 962 1075 perferenda
984 1005 1106 1061 insania.
1131 1005 1172 1061 Et

374 1099 404 1156 Si
428 1117 481 1170 ego
505 1099 583 1155 baud
606 1099 802 1170 gratissimum
825 1116 870 1156 me
894 1099 996 1155 vellem
1023 1099 1187 1167 ostendere,

302 1212 357 1254 roro
373 1194 444 1250 Mox
468 1194 565 1262 sciret,
590 1194 780 1264 quantumin
803 1193 893 1249 altum
915 1193 1027 1263 lapides
1051 1194 1167 1250 mittere

374 1288 531 1345 Prodesset
555 1293 585 1344 et
608 1287 785 1344 contendere
809 1304 873 1343 oum
900 1287 1067 1356 maioribus

373 1383 471 1440 Bonos
495 1399 579 1454 quam
603 1399 670 1438 raro
694 1382 835 1438 sortiatur
857 1382 960 1438 exitus.

716 1493 857 1550 Nestor.

373 1589 509 1646 Dandum
532 1593 577 1645 est
599 1587 709 1659 aliquid
733 1589 887 1659 episeopis,
911 1587 1045 1645 fortassis
1070 1593 1100 1645 et

372 1685 462 1741 Istam
485 1682 610 1739 mutabit
631 1683 717 1753 paulo
741 1687 808 1754 post
831 1683 1013 1739 sententiam.

703 1794 874 1851 lulianus.

304 1909 359 1950 rora
375 1889 406 1947 Si
429 1906 487 1946 non
509 1890 674 1958 mutaverit,
700 1889 867 1960 experietur
890 1888 1054 1958 Caesarem,

375 1985 467 2054 Quam
491 1984 584 2041 soleat
606 1984 703 2055 pravis
728 2000 881 2040 ooourrere
908 1983 1069 2040 conatibus.

717 2095 859 2152 Nestor,

375 2190 520 2258 Demiror,
545 2206 600 2261 quo
624 2190 717 2246 istaee
740 2194 913 2260 suggerente
937 2189 1047 2261 cogitet

375 2284 415 2340 Et
438 2302 474 2341 an
497 2289 580 2354 putet
603 2283 684 2354 regni
707 2300 844 2353 proceres
868 2301 932 2340 esse
956 2284 1060 2354 eapitis

374 2379 445 2435 Tam
469 2378 560 2446 vacui,
585 2382 625 2447 ut,
651 2378 765 2434 etiamsi
788 2383 820 2434 tu
842 2379 966 2435 maxime
990 2377 1059 2435 velis

304 2492 359 2534 roso
375 2473 455 2542 Quae
478 2472 607 2543 postulat
630 2471 709 2540 dare,
734 2473 774 2528 illi
798 2473 969 2543 permittant
992 2472 1064 2529 dari.

706 2593 874 2650 lulianus,

376 2687 451 2756 Quid
475 2686 590 2744 effrenis
615 2687 679 2755 sibi,
703 2688 820 2755 Nestor,
845 2705 903 2744 non
926 2685 1050 2744 audacia

376 2781 537 2838 Promittit!
562 2781 637 2850 Quid
660 2798 719 2839 non
741 2781 923 2854 aggreditur!
948 2779 1010 2850 Quo
1034 2798 1092 2838 non
1114 2779 1190 2837 abit!

375 2877 474 2933 Habet
496 2881 651 2947 praeterea
673 2875 867 2947 Porphyrium
890 2876 1022 2932 intimum
1050 2875 1108 2931 suis

374 2970 519 3039 Consiliis,
544 2970 689 3048 bominem
713 2971 839 3038 doctum,
864 2971 945 3026 iuxta
968 2987 1002 3026 ae
1025 2968 1195 3040 improbum.

306 3067 402 3126 roaaA
425 3083 481 3137 quo
504 3065 584 3121 illum
606 3064 778 3135 perfortiter
799 3065 907 3135 impelli
935 3065 1078 3120 existimo

376 3159 451 3229 Quin
475 3161 563 3217 etiam
586 3160 693 3232 alioqui
716 3160 842 3216 humana
865 3159 907 3215 sio
930 3165 997 3215 sunt
1019 3157 1144 3230 ingenia,

374 3254 499 3310 Etiamsi
522 3255 595 3310 alius
618 3271 702 3311 nemo
726 3254 863 3324 impellat,
888 3270 981 3324 prona
1004 3254 1034 3309 in
1056 3251 1171 3308 malum.

376 3349 488 3420 Quippe
510 3349 578 3406 mali
601 3349 631 3406 in
653 3353 758 3405 natura
780 3353 882 3404 nostra
904 3349 1027 3406 haerent
1050 3347 1168 3403 semina.

376 3443 485 3513 Quibus
509 3444 534 3499 si
556 3460 614 3500 non
638 3443 788 3500 obstiteris
815 3447 866 3498 aut
889 3442 1079 3514 oppresseris,

306 3549 371 3601 [rom
397 3537 472 3607 Quin
494 3538 635 3609 pullulent
657 3542 688 3594 et
710 3541 869 3607 emergant,
893 3535 957 3594 fieri
983 3536 1061 3593 haud
1083 3537 1190 3606 potest.

377 3633 491 3703 Quanto
515 3633 607 3704 magis
631 3636 758 3703 surgent,
783 3631 808 3688 si
831 3631 900 3702 quid
924 3630 1083 3688 cessaveris
