2824 4196
370 293 585 352 naoenoaovs,
609 295 815 340 Panuaomva
840 284 893 352 III,
919 284 947 340 5.
1090 286 1147 343 113

242 473 284 531 Te
307 489 367 529 nou
387 470 451 530 fore
475 471 623 528 duriorem
646 487 699 527 nec
722 471 913 540 clementiam,

161 588 226 631 2540
242 568 335 638 Quam
359 565 532 622 Christianis
556 565 638 621 dedit
659 564 731 636 ipse,
755 565 786 621 in
809 581 839 622 se
864 566 1001 624 claudier.

535 676 787 734 Pammachius.

242 772 409 844 Responde,
434 771 587 848 Porphyri,
612 775 645 827 ut
667 771 779 842 papalis
803 770 929 843 dignitas

239 867 381 940 Requirit.

546 975 775 1047 Porphyrius.

378 1071 527 1128 Romanus
550 1087 609 1126 non
632 1070 725 1126 solum
747 1068 878 1140 pontifex

245 1166 329 1224 Omni
352 1169 470 1236 praeest
493 1164 692 1222 ecclesiastico
716 1163 821 1235 ordini,

244 1261 303 1318 Sed
328 1260 439 1317 cunctis
463 1259 552 1316 ctiam
574 1257 754 1330 principibus
779 1263 808 1314 et
830 1258 947 1330 regibus

163 1356 278 1417 054510
301 1358 388 1426 caput
410 1358 463 1422 est,
488 1370 524 1410 ne
548 1353 610 1424 quis
634 1356 721 1421 erret,
745 1352 840 1408 factus
863 1369 881 1409 a
904 1351 969 1409 deo.

244 1449 320 1518 Quid
344 1448 419 1505 enim
442 1464 501 1504 non
524 1446 636 1504 obtinet
659 1450 792 1517 potestas
816 1443 962 1502 clavium?

243 1546 292 1601 An
314 1543 362 1614 qui
385 1542 496 1598 caelum
519 1545 617 1612 potest
639 1539 684 1596 vel
707 1538 796 1596 verbo
820 1539 964 1606 claudere,

244 1639 327 1696 Idem
348 1635 528 1708 principibus
552 1651 610 1691 non
633 1633 751 1691 claudat
773 1631 959 1705 provincias?

244 1733 305 1789 Aut
328 1731 373 1788 cui
396 1747 492 1786 rernm
516 1734 561 1785 est
584 1729 738 1786 commissa
761 1728 954 1799 spiritualium

167 1846 231 1890 2550
246 1826 331 1894 Cura,
356 1825 433 1881 idem
456 1823 535 1880 haud
557 1823 651 1894 possit
674 1827 803 1879 statuere
827 1822 862 1880 de
887 1819 1071 1880 carnalibus?

169 1933 231 1988 [nu]
264 1920 338 1990 Quia
360 1919 451 1990 igitur
474 1917 584 1974 Cacsar
607 1933 694 1974 ausus
718 1921 763 1974 est
787 1917 963 1974 contendere

245 2015 395 2072 Adversus
418 2013 493 2069 hanc
516 2012 722 2068 auctoritatem
746 2011 869 2067 clavium

244 2110 307 2166 Nec
330 2107 458 2165 debitam
483 2105 615 2163 exhibuit
638 2105 831 2162 reverentiam
854 2105 940 2176 patri,

246 2203 382 2260 Ceterum
404 2202 434 2258 in
453 2200 635 2276 haereticam
657 2199 832 2271 pravitatem
856 2200 974 2269 corruit,

169 2317 231 2360 2555
245 2297 351 2355 Divino
376 2296 411 2353 ab
435 2294 557 2366 imperio
582 2300 626 2351 est
650 2293 780 2350 deiectus
804 2292 933 2350 fulmine.

247 2392 400 2464 Indignum
424 2390 538 2462 quippe,
563 2393 595 2444 ut
615 2387 789 2444 Christianis
812 2388 945 2459 imperet,

246 2486 301 2556 Qui
325 2484 558 2541 Christianorum
580 2482 659 2539 haud
681 2483 808 2540 honorat
829 2482 1002 2553 praesulem.

245 2579 405 2652 Depositns
429 2582 482 2635 est.
508 2576 624 2634 Habeat
648 2581 677 2633 et
701 2577 796 2633 discat
819 2577 973 2647 episcopos

245 2675 380 2731 Privatus
403 2672 514 2729 honore
537 2669 673 2739 adiicere,
699 2687 770 2742 qnos
795 2671 970 2742 contempsit
992 2670 1022 2726 in

173 2768 384 2840 25601mpe1'i0.
411 2765 504 2822 Cedat
527 2765 661 2836 digniori,
687 2765 735 2835 qui
759 2764 832 2821 sciat

248 2862 285 2920 Se
309 2877 417 2932 suaque
441 2859 538 2917 omnia
560 2875 655 2930 papae
678 2857 802 2930 pedibus
826 2857 1022 2916 substernere.

590 2977 732 3033 Nestor.

247 3075 323 3145 Quid
345 3090 421 3130 nunc
445 3069 577 3144 agimus?

579 3183 750 3240 lulianus

495 3277 575 3334 lnsta
599 3277 687 3334 etiam
710 3279 796 3348 atque
819 3276 916 3345 otiam,
942 3281 975 3333 ut
996 3277 1150 3350 impetres!

248 3374 329 3444 Quae
351 3372 479 3440 iusserit,
505 3373 600 3429 omnia
623 3387 669 3427 me
692 3368 837 3427 facturum
861 3370 966 3428 dicito!

590 3483 734 3539 Nestor.
772 3519 774 3526 ,

246 3579 421 3637 Beatissimo
443 3583 536 3650 pater,
561 3592 742 3648 nequaqnam
765 3575 909 3646 supplices

174 3693 236 3738 0505
251 3660 419 3731 Averserisl
443 3672 544 3744 Neque
568 3672 643 3728 enim
666 3671 742 3726 istuc
764 3685 851 3741 agere
875 3671 949 3728 solet
973 3671 1054 3728 dens.

221 3781 261 3812 aaa
273 3779 445 3812 laurentianum
463 3777 478 3811 a
982 3770 1000 3820 8
