2824 4196
271 250 329 308 130
465 253 978 323 00000000000000000100.11,
1004 253 1032 309 2.

461 595 462 600 Ν
534 523 658 582 noxvs
682 524 731 581 iv.
777 524 905 583 souux
928 526 992 610 11.¹

580 659 739 718 Satanas.
784 661 923 720 Dromo.

672 779 831 838 Satanas.

336 873 445 931 Audite
468 885 522 942 me,
548 873 758 931 commilitones
783 875 898 946 optimi!

335 968 425 1024 Parta
446 966 525 1024 felici
548 967 584 1024 de
608 966 724 1024 Christo
748 969 879 1036 victoria,

333 1062 495 1133 Trophaeis
518 1062 623 1118 erectis
648 1063 810 1119 consultum
833 1080 946 1133 censeo,

284 1223 289 1234 ⁸
334 1156 373 1213 Vt
396 1172 528 1214 curemus
552 1161 647 1213 cutem
670 1157 706 1213 de
730 1157 829 1228 spoliis
852 1157 979 1215 hostium

263 1262 338 1314 [xm]
354 1251 445 1308 Totos
468 1249 622 1322 genialiter
644 1255 846 1308 consumentes
870 1251 941 1309 dies.

333 1345 435 1402 Nullus
457 1344 580 1413 laboret,
606 1344 658 1401 sed
680 1343 771 1401 feriae
795 1345 854 1402 sint
875 1347 1025 1418 perpetim.

332 1440 489 1508 Ludamus,
514 1439 660 1508 saltemus,
685 1438 817 1496 bibamus
841 1440 952 1510 ordine,

331 1535 373 1592 Et
394 1535 487 1591 nullus
512 1534 640 1591 oblatum
663 1538 730 1590 ante
752 1539 843 1604 ponat
864 1535 1008 1606 poculum,

331 1629 423 1700 Quam
446 1633 492 1686 ter
514 1632 652 1700 quaterve
676 1627 851 1684 exhauserit.
881 1627 911 1684 Si
934 1631 997 1701 quis
1021 1631 1108 1688 etiam

258 1742 316 1785 mco
331 1724 403 1781 Post
425 1723 563 1780 vomitum
586 1739 617 1778 se
641 1721 760 1778 exhibet
781 1725 914 1793 potorem
937 1728 1094 1794 strenuum,

331 1818 427 1874 Plexis
452 1820 539 1887 caput
561 1831 675 1872 sacrum
698 1821 856 1872 exornetur
876 1817 1028 1888 pampinis

329 1912 371 1969 Et
393 1912 417 1968 si
441 1911 503 1968 dies
527 1909 660 1966 adhaec
683 1908 857 1967 celebranda
878 1911 985 1981 gaudia

328 2006 484 2064 Breviores
506 2003 623 2073 fuerint,
648 2020 717 2076 pars
740 2004 866 2061 addatur
887 2005 1024 2062 noctium.

329 2100 410 2157 Nihil
431 2098 635 2171 relinquamus,
660 2098 737 2171 quod
760 2098 798 2155 ad
820 2098 918 2155 luxum
941 2100 1053 2157 attinet.

257 2213 314 2256 2905
329 2195 370 2252 Et
392 2194 499 2251 mortui
522 2199 552 2250 et
574 2193 631 2250 vivi
655 2191 883 2264 suppeditabunt
905 2193 1024 2263 lucrum,

327 2289 367 2345 Vt
389 2289 451 2345 sine
474 2287 668 2344 sollicitudine
690 2303 756 2343 mea
778 2287 808 2342 10
830 2303 930 2344 mensa
951 2288 1127 2359 impleamini

329 2382 401 2440 Cibo
423 2387 552 2453 potuque
575 2381 629 2450 vel,
654 2381 678 2436 si
701 2380 780 2449 libet,
805 2381 843 2438 ad
865 2397 1011 2438 nauseam.

326 2477 402 2534 Heia
417 2476 504 2547 agite,
529 2474 644 2531 sedete!
667 2473 741 2543 Huc,
766 2473 941 2544 Pammachi,
966 2481 996 2532 et
1011 2481 1051 2548 tu,
1069 2477 1227 2551 Porphyrii

327 2571 379 2640 Tu,
404 2569 502 2639 Plane,
526 2568 713 2626 Pammachio
737 2568 838 2625 claude
860 2568 936 2626 latus
959 2569 1102 2640 dextrum,

254 2682 311 2725 aero
326 2665 378 2734 Tu,
399 2664 523 2732 Chremi,
547 2661 674 2720 laevum!
698 2660 847 2719 Stasiades
872 2663 910 2719 sit
924 2664 1073 2733 proximus

325 2755 497 2830 Porphyrio.
522 2756 606 2826 Hem,
630 2754 680 2812 ubi
702 2756 806 2827 reliqui
829 2761 896 2812 sunt
922 2757 1068 2827 convivae,
1093 2759 1226 2819 Dromo?

670 2865 812 2923 Dromo.

326 2960 401 3032 Qui?

659 3068 818 3127 Satanas.

405 3153 548 3228 Rogitas?
573 3154 721 3224 Canonici,
746 3155 881 3211 monachi
904 3160 990 3228 atque
1014 3158 1157 3228 cardines,

324 3249 480 3320 Officiales,
506 3250 636 3320 episcopi
659 3255 689 3306 et
712 3249 759 3320 qui
781 3249 944 3320 principum

323 3345 440 3402 Nostris
464 3344 655 3401 decreverunt
677 3341 776 3400 favere
798 3342 939 3413 partibus.

669 3455 809 3513 Dromo.

249 3571 306 3614 aero
321 3553 439 3610 Adsunt
460 3551 584 3609 hiantes.
609 3550 671 3606 Iam
695 3548 762 3606 olim
786 3550 994 3608 monachorum
1017 3552 1122 3610 cohors

321 3647 368 3705 Ad
392 3645 590 3705 devorandum
613 3644 698 3702 adest
719 3643 817 3701 laxato
841 3644 964 3716 cingulo.
