2824 4196
273 213 311 272 68
475 225 689 286 1110011011ον0,
712 228 917 274 esuriemus,
941 219 979 286 ΙΙ,
1005 220 1032 274 4.

674 403 834 461 Satanas

269 517 325 558 1400
339 497 378 553 Vt
400 497 497 556 verbis
520 497 722 567 adversemini,
751 497 836 556 facile
859 498 931 568 feru,

338 591 415 649 Dum
437 590 516 649 faeta
539 592 627 649 modo
650 593 720 649 mihi
744 603 859 666 semper
880 595 1085 666 respondeant.

628 704 881 762 Pammachius.

342 798 506 868 durabitur,
531 799 676 871 princeps.

676 910 836 968 Satanas.

699 1005 843 1063 Diadema
866 1007 969 1078 aliquis
992 1008 1098 1080 triplex

340 1100 405 1156 Huc
429 1117 492 1156 cum
515 1100 605 1172 signis
628 1098 704 1157 ferat
731 1105 760 1156 01
783 1101 899 1158 iurandi
921 1101 1059 1159 formula!

686 1211 825 1269 Planus

339 1296 463 1353 Adsunt.

675 1399 838 1458 Satanas
872 1385 874 1390 ⁵

495 1494 612 1551 Accede
635 1495 724 1551 nunc!
748 1495 846 1552 Hosee
868 1495 959 1565 vides,
985 1495 1160 1565 Pammachi,

270 1606 325 1647 1105
341 1587 419 1656 Quos
441 1605 535 1659 nuper
556 1606 609 1661 pro
632 1588 718 1646 factis
742 1591 842 1646 ornavi
864 1589 989 1646 fortibus

341 1682 473 1751 Coronis
498 1699 568 1754 quas
591 1688 720 1754 gestant:
745 1689 905 1752 tutamen,
930 1689 963 1741 ut
986 1685 1103 1752 sentias,

340 1775 431 1845 Quam
453 1777 550 1848 largus
574 1793 608 1833 ac
631 1775 778 1834 beneficus
801 1778 855 1834 sim
879 1794 948 1850 erga
971 1765 1156 1849 omnesaue,

340 1871 477 1927 Amicitia
499 1870 651 1928 nobiscum
674 1872 721 1943 qui
743 1873 823 1943 iungi
846 1872 953 1942 volunt,

339 1965 432 2021 Nullis
456 1965 551 2022 adhuc
573 1967 685 2022 meritis
708 1965 831 2023 saetisve
853 1967 1015 2038 insignibus

270 2078 325 2119 1500
341 2059 481 2128 Peractis,
506 2060 613 2116 auditis
637 2066 749 2117 tantum
772 2060 937 2130 virtutibus,

333 2155 418 2212 lstac
442 2170 550 2211 corona
573 2154 680 2225 triplici
703 2172 770 2211 mox
794 2155 945 2224 ornabere,

343 2247 544 2304 Fidelissimus
567 2252 600 2304 ut
623 2249 662 2304 sis
686 2266 750 2306 cum
773 2266 862 2320 regno
886 2255 947 2306 tum
969 2250 1049 2307 mihi.

340 2341 543 2398 Iusiurandum
566 2347 670 2399 tamen
686 2348 763 2410 ante,
787 2343 865 2415 quod
888 2361 987 2401 omnes
1012 2344 1101 2402 ceteri

340 2436 441 2492 lunare
464 2436 521 2492 mei
545 2436 640 2493 solent
662 2437 759 2506 duecS,
785 2443 902 2509 oportet
924 2444 956 2494 ut

270 2530 431 2590 1505111100.

629 2631 882 2690 Pammachius,

474 2726 554 2783 Nihil
578 2727 718 2784 detrecto.

678 2837 838 2896 Satanas.

731 2933 793 2990 Pax
815 2933 854 2990 sit
877 2933 987 2990 coetui!

342 3025 440 3094 Silete,
466 3027 617 3096 attendite,
643 3027 695 3084 sed
718 3033 748 3085 et
771 3028 867 3098 capita
890 3028 1016 3098 aperite!
1040 3028 1084 3084 Tu

270 3130 335 3184 [aab]
359 3121 406 3176 Ad
430 3120 571 3190 dextram,
597 3121 749 3193 Porphyri,
773 3121 894 3193 laevam,
919 3122 1017 3190 Plane,
1042 3121 1166 3193 occupa!

340 3214 418 3286 Lege
442 3232 517 3272 nunc
541 3215 654 3272 duobus
678 3216 783 3272 crectis
807 3216 920 3287 digitis!
945 3215 996 3273 Sat
1020 3222 1072 3274 cst.

632 3327 882 3384 Pammachius

340 3420 397 3477 Por
419 3421 557 3492 principis
581 3421 706 3480 Satanae
730 3438 843 3478 sacrum
866 3422 929 3478 iuro
954 3427 1040 3491 caput

271 3532 326 3573 1510
344 3514 642 3586 Perqueuuiversam
664 3517 746 3587 regni
770 3517 830 3572 eius
854 3516 1015 3587 potentiam

342 3610 391 3666 Mc
414 3610 454 3666 nil
477 3610 601 3679 honesti,
626 3611 703 3678 iusti,
730 3611 802 3667 casti
826 3616 876 3667 aut
899 3610 1015 3680 integri,
