2824 4188
257 215 297 273 34
469 229 684 289 amoenorum,
706 231 912 276 ranuncnma
937 220 960 290 Ι,
985 222 1013 278 4.

659 407 832 465 IuHanua

594 501 675 559 Nihil
698 503 841 574 equidem.
865 502 972 561 Pacem
993 503 1047 561 tibi

315 595 442 667 Tuisque
463 597 498 664 in,
517 596 650 654 omnibus
674 597 772 656 datam
793 598 951 670 provinciis

312 691 420 748 Dicere
442 691 583 750 volebam.
608 691 671 750 Iam
692 692 818 764 potestis
840 687 951 750 liberos
973 717 992 770 χ

315 785 428 858 Vbique
451 785 560 844 habere
584 792 742 845 conventus
766 791 796 845 et
818 787 916 845 omnia

258 891 301 940 cao
317 881 455 940 Interrito
478 887 576 940 vestra
597 898 739 954 peragere
762 882 910 954 mysteria.
976 885 979 890 '

619 992 875 1051 Pammachiua
903 1024 908 1033 .
987 1029 989 1033 -

315 1096 400 1154 Bona
422 1096 556 1176 nuntias3
581 1111 654 1169 quae
677 1096 834 1154 tamenab
858 1096 922 1154 aliis
945 1101 1033 1154 antea

307 1190 439 1262 ¹Audivi,
454 1196 495 1255 ,at
516 1195 546 1248 te
568 1188 715 1249 referente
738 1192 865 1264 certiora
887 1196 986 1254 sunt.¹

581 1326 584 1332 ·
661 1301 832 1359 Iulianus.
903 1309 905 1314 “

318 1397 366 1454 Sic
390 1413 443 1470 ego
466 1413 512 1455 me
535 1413 606 1470 erga
627 1414 680 1454 vos
703 1401 817 1469 gratum
841 1397 918 1454 volui
942 1397 1108 1456 ostendere.

261 1519 326 1571 [aab]
625 1508 877 1596 Pammachius.

318 1601 430 1661 Laudo.

664 1713 833 1771 Iulianua

457 1808 646 1866 Reducentur
667 1825 753 1880 quam
775 1809 900 1881 primum
922 1809 1011 1867 etiam
1034 1810 1160 1880 exsuleS,

261 1922 304 1964 cea
318 1903 359 1961 Et
381 1903 481 1961 ablata
502 1903 559 1960 illis
582 1903 774 1960 restituentur
796 1903 902 1966 omnia.

622 2013 887 2073 Pammachius.
908 2037 912 2045 ·

322 2109 373 2168 Pie
395 2108 469 2167 facis
493 2113 522 2167 et
544 2113 576 2166 ut
599 2107 766 2168 Christiano
791 2110 933 2168 convenit.

666 2221 837 2278 luhanua

320 2325 424 2382 Nonne
447 2313 519 2382 satis
541 2329 587 2382 m'e
609 2322 715 2382 fecisse
737 2322 844 2396 putas?

637 2435 869 2508 Porphyrium

608 2537 609 2542 ’
879 2529 937 2587 Pro
961 2530 1083 2588 exordio

321 2625 453 2696 Quidem,
477 2626 646 2697 imperator,
670 2622 801 2683 nonnihil
823 2625 877 2694 est,
902 2625 954 2682 sed
978 2624 1112 2684 conferes

322 2719 459 2788 Corneio,
484 2720 508 2776 si
531 2720 619 2792 sapia,
643 2720 764 2789 maiora,
788 2724 820 2776 ut
842 2719 955 2792 gratior

264 2833 306 2876 ooo
322 2814 444 2886 Semper
454 2813 541 2872 -filius
564 2831 708 2886 appareas
721 2814 881 2872 ecclesiae.

668 2925 838 2982 Iulianae.

324 3020 452 3077 Adnitar
474 3019 584 3089 sedulo,
602 3037 645 3078 sne
667 3021 799 3092 ingratus
823 3019 967 3077 criminer.

323 3115 421 3172 Dicite
444 3114 606 3184 dumtaxat,
630 3116 655 3172 si
678 3114 747 3187 quid
770 3114 866 3183 vultis,
891 3115 921 3170 in
944 3113 1048 3186 quibus

325 3209 395 3267 Mea
417 3208 500 3265 vobis
522 3208 600 3266 ferre
624 3226 709 3281 opem
731 3209 841 3280 poterit
864 3209 1027 3278 clementia,
1120 3239 1121 3244 .

324 3303 410 3361 Salva
431 3303 514 3374 regni
536 3303 689 3361 maiestate
713 3303 826 3360 tamen.
850 3303 962 3372 Omnia,

266 3417 308 3459 eoa
324 3398 427 3456 Patres
450 3398 516 3468 mei,
540 3397 641 3455 feretis
664 3397 832 3455 liberaliter.

642 3511 873 3590 Porphyrius.

324 3621 487 3680 Laudanda
510 3627 576 3679 sunt
599 3622 672 3679 haec
695 3621 793 3686 verba,
818 3619 870 3676 sed
892 3616 972 3674 facta
995 3611 1128 3682 amplius.
