2824 4196
390 296 603 356 unoenonevs,
626 297 831 343 rnunncmvs.
858 287 912 357 Ill,
938 287 965 343 5.
1056 271 1059 278 ’
1108 287 1164 343 101

265 474 373 531 Verum
396 491 449 531 nec
472 474 510 532 ad
533 474 589 530 boc
612 476 704 532 solum
727 474 890 545 applicetur
911 475 1009 543 missa,
1034 475 1086 532 sed

266 568 508 640 PraegnantibuS,
533 570 590 626 iter
612 569 774 640 agentibus,
799 569 980 637 venantibus

191 683 251 725 aare
267 662 503 735 Negotiantibus,
528 679 633 721 uxores
658 662 843 730 ducentibus

265 758 350 815 Mare
373 757 603 830 ingredientibus
631 763 716 830 atque
740 757 963 828 tempestatibus

266 852 421 924 Oppressis
445 852 606 909 subveniat.
653 853 693 909 Et
714 853 755 908 nil
776 852 953 909 ¹incommodi

266 932 394 1018 Vsquam
417 953 555 1018 emergat,
580 947 657 1018 quod
679 963 738 1004 non
760 948 850 1004 missa
871 952 959 1019 queat
981 948 1092 1005 tollere.

308 1040 447 1112 Septimo,
472 1042 603 1098 homines
627 1042 694 1113 quia
716 1046 799 1099 tanta
822 1047 902 1099 tenet
924 1040 1087 1109 infirmitas

190 1154 250 1196 aaao
266 1135 305 1191 Vt
327 1136 357 1191 in
379 1136 475 1192 multis
500 1153 599 1193 omnes
623 1136 811 1207 offendamus,
839 1137 908 1194 dein

194 1241 265 1294 [nab]
289 1229 330 1286 Et
352 1236 539 1301 peccatorum
563 1248 678 1301 semper
701 1231 807 1288 crescit
830 1232 945 1288 sarcina

267 1325 329 1382 Nec
351 1326 382 1381 in
404 1325 466 1382 solo
491 1325 600 1382 Christi
622 1327 737 1383 nomine
760 1327 869 1396 pendet
891 1326 968 1382 salus

266 1419 367 1491 Neque
390 1419 448 1476 fide
472 1420 534 1476 sola
558 1421 700 1491 contingit
722 1421 864 1487 remissio,

267 1515 395 1571 Plurima
417 1513 499 1572 vobis
522 1514 648 1572 narrabo
673 1516 915 1586 alexipharmaca,

193 1629 252 1670 aare
268 1609 349 1666 Inter
372 1626 444 1680 quae
467 1609 556 1666 missa
578 1610 739 1680 principem
761 1615 842 1666 tenet
864 1611 959 1666 locum

268 1703 377 1772 Quibus
402 1708 506 1760 cuncta
528 1703 640 1761 aboleri
662 1711 785 1776 peccata
808 1704 927 1761 credite.

311 1798 467 1869 Inprimis
491 1798 587 1870 largas
610 1799 693 1855 vobis
716 1799 912 1871 indulgentias

269 1893 416 1949 Romanus
439 1909 492 1963 pro
516 1899 636 1964 argento
662 1893 783 1950 donabit
804 1893 945 1964 pontifex,

269 1986 378 2056 Quibus
402 2004 460 2044 non
483 1988 575 2044 solum
598 1989 629 2044 in
651 1989 705 2044 bac
728 1989 789 2044 vita
811 2005 916 2060 magna
939 1987 1051 2044 scelera

195 2101 254 2142 arao
269 2081 425 2139 Redimere
448 2083 567 2154 possitis
592 2087 621 2139 et
642 2099 733 2153 parvo
756 2083 911 2139 maximam

268 2176 377 2233 Parare
401 2177 533 2246 gratiam,
559 2177 610 2233 sed
634 2178 722 2233 etiam
745 2176 782 2233 ab
806 2177 920 2248 ignibus

269 2270 369 2328 Securi
393 2289 512 2342 prorsus
536 2272 620 2328 reddi
642 2272 829 2343 purgatoriis.

312 2365 386 2434 Quin
410 2371 440 2422 et
462 2365 546 2422 bonis
562 2365 707 2437 ‘operibus
730 2367 854 2437 gratiam
877 2367 947 2422 licet

268 2460 308 2516 Et
330 2460 443 2517 veniam
466 2467 653 2530 peccatorum
677 2478 792 2532 semper
815 2461 960 2532 consequi.

196 2573 254 2615 aren
270 2555 398 2622 Ieiuniis
424 2555 528 2626 vigiliis
552 2561 581 2612 et
605 2557 792 2624 chameuniis,

270 2649 496 2706 Adflictionibus
521 2655 550 2706 et
573 2650 765 2719 orationibus

270 2744 471 2818 Eleemosynis
495 2751 525 2801 et
549 2745 789 2816 castigationibus

269 2839 391 2909 Semper
413 2839 494 2910 regni
517 2840 612 2910 patuit
635 2839 769 2896 caelestis
792 2839 887 2896 ianua.

313 2933 440 3005 Quisque
464 2935 523 2990 suis
546 2952 598 3005 pro
622 2933 810 2990 facultatibus
834 2933 972 2990 ecclesias

193 3047 252 3088 aare
268 3028 359 3097 luvet,
384 3033 417 3085 ut
440 3029 608 3086 sacerdotes
631 3035 789 3100 pascantur
811 3028 974 3100 pinguibus.

270 3123 316 3179 llli
338 3140 391 3194 pro
416 3123 497 3179 vobis
521 3123 655 3193 orabunt,
680 3124 721 3180 illi
744 3141 862 3195 gravem

271 3218 436 3274 Adversum
459 3235 510 3274 vos
533 3219 606 3274 iram
629 3224 767 3290 poterunt
790 3223 931 3286 avortere,

270 3312 334 3382 Qui,
360 3331 415 3384 quo
440 3311 494 3369 deo
519 3318 584 3369 sunt
608 3314 773 3385 propiores„
794 3313 850 3370 boc
872 3311 986 3370 facilins

271 3407 328 3465 Pro
352 3407 481 3478 peccatis
504 3408 609 3463 vestris
632 3413 755 3479 possunt
776 3407 874 3465 facere
898 3408 978 3464 satis.

196 3513 268 3566 [Has]
336 3501 484 3558 Romanus
509 3502 595 3558 otiam
618 3507 704 3573 pater
726 3519 761 3558 ex
785 3503 882 3559 cordis
907 3502 1013 3559 scrinio

272 3596 411 3654 Feturam
435 3595 516 3652 vobis
539 3596 682 3666 producet
704 3597 940 3668 pulcherrimam,

271 3691 352 3748 Mille
376 3691 584 3748 monachorum
606 3689 715 3748 formas
740 3697 768 3748 et
792 3696 906 3750 centnm
931 3690 1058 3757 ordines,
