2824 4196
391 273 606 336 unoesoeevs
627 274 834 320 rnunacnrve
857 263 895 334 II,
922 264 949 320 3.
1118 265 1157 320 57

256 452 391 524 Vigilate,
417 453 575 521 circumite,
600 452 734 523 satagite,
758 451 898 523 quaerite,

255 547 395 604 Resistite
418 563 453 605 ae
474 547 604 619 pecuniis
629 547 814 618 corrumpite,

256 641 467 714 Persequimini
489 641 654 714 Satanaque
677 641 780 713 dignos
802 641 933 713 principe

160 785 162 790 .
186 753 243 797 raro
258 736 317 794 Vos
340 735 447 808 gerite!

605 847 743 906 Planus.

495 942 570 1000 Fiet,

595 1054 753 1112 Satanae.

607 1148 755 1218 Quaenam
778 1148 865 1206 hodie
889 1149 1007 1232 negotia

259 1241 441 1302 Tractastis?
465 1243 518 1314 Tu,
543 1243 640 1313 Plane,
666 1240 754 1316 quid?

603 1354 741 1412 Planus.

494 1525 496 1530 ι
742 1448 807 1521 Ego
831 1449 965 1521 equidem
987 1450 1044 1506 iam
1068 1449 1118 1506 diu

260 1543 369 1600 Sudavi
391 1544 421 1600 in
443 1543 507 1612 hoc,
532 1561 622 1614 regno
646 1548 747 1602 nostro
770 1543 955 1600 utilissimum

260 1638 370 1708 ScienS,
395 1643 427 1695 ut
449 1639 527 1694 inter
549 1637 730 1695 Christianos
754 1637 899 1695 haeresim

260 1732 393 1790 Serercm
416 1749 501 1804 quam
524 1733 687 1789 maximam.
712 1731 821 1789 Sudavi
842 1731 1005 1804 plurimum,

188 1847 244 1888 reae
260 1825 374 1885 Perieoi
396 1826 493 1884 hodie.
518 1826 580 1883 lam
602 1827 694 1884 mixta
715 1826 831 1884 videres
854 1827 964 1884 omnia:

258 1921 410 1991 Dubitant,
436 1921 604 1991 decernunt,
627 1926 841 1993 persequuntur
862 1921 995 1990 invicem,

260 2017 384 2088 Fugant,
409 2015 553 2083 occidunt,
578 2032 630 2074 sua
653 2013 814 2072 defendunt
835 2016 969 2083 maxime,

260 2111 394 2183 Plerique
416 2111 499 2168 novis
522 2111 659 2182 gaudent,
683 2110 802 2182 antiqua
826 2110 973 2180 deserunt,

259 2207 462 2277 Quaecumque
485 2204 521 2262 ab
545 2204 686 2276 apostolis
709 2203 843 2262 feruntur
864 2204 982 2262 tradita.

187 2319 243 2362 1225
258 2300 395 2372 Magistri
416 2299 508 2371 plebis
533 2304 563 2357 et
585 2300 633 2372 qui
657 2307 725 2358 sunt
746 2299 908 2357 doctissimi

259 2395 334 2452 Prae
358 2411 429 2452 sana
452 2394 586 2452 doctriua
608 2395 822 2466 amplectuntur
847 2395 1006 2468 haeresim3

259 2491 299 2546 At
322 2494 424 2546 contra
446 2489 588 2546 inereduli
611 2489 708 2546 rident
731 2490 868 2558 suaviter,

260 2581 474 2642 ,lbominantur
497 2581 645 2642 Christum
668 2589 698 2641 et
719 2589 861 2656 respuunt
882 2582 978 2651 fidem,

259 2679 331 2736 Tam
352 2678 441 2735 variis
465 2695 538 2750 quae
560 2678 708 2735 laceratur
733 2678 927 2750 opinionibus.

189 2774 319 2834 raaoNeo
341 2773 443 2830 melius
467 2790 517 2830 eos
539 2773 640 2844 putavi
662 2789 749 2844 posse
772 2773 897 2841 vincere,

259 2867 352 2937 Quam
375 2868 399 2924 si
422 2867 499 2924 inter
522 2855 586 2925 sese
608 2868 763 2939 plurimum
786 2867 968 2924 dissentient.

258 2962 307 3019 Sic
330 2979 386 3031 res,
411 2967 550 3034 quantum
572 2962 610 3020 ad
632 2979 695 3031 noe,
719 2961 793 3020 bene
816 2949 913 3019 habet.
941 3029 943 3034 Ι

596 3080 755 3140 Satanas.
767 3135 768 3140 ,

860 3175 953 3248 Euge,
977 3193 1118 3248 prospere

260 3270 416 3328 Successit.
441 3269 534 3339 Quam
556 3269 660 3339 habeo,
685 3271 850 3329 mercedem
874 3270 950 3328 dabo
973 3270 1137 3328 maximam.

188 3377 254 3429 [ure]
276 3365 352 3434 Quid
375 3369 407 3421 tu
429 3381 508 3434 vero,
533 3361 703 3422 Stasiades?
726 3364 871 3438 Equidem
895 3369 925 3424 et
947 3369 979 3421 tu
1002 3365 1077 3422 soles

189 3479 244 3520 laea
260 3459 406 3518 Facinora
428 3463 598 3531 perpetrare
622 3476 708 3531 quam
733 3458 902 3518 fortissima.
954 3451 958 3458 ’
991 3511 992 3516 ,

575 3570 772 3628 Stasiades

260 3666 334 3739 Ego,
358 3666 502 3738 princeps,
527 3665 615 3722 hodie
639 3665 784 3737 surgendo
807 3666 913 3724 lentius
