2824 4188
264 978 331 1030 [nra]
358 931 546 1025 sacrarum
569 967 773 1024 litterarum
797 968 924 1025 eximio
947 968 1148 1044 professori

502 1070 641 1128 doctori
664 1071 821 1128 Martino
844 1070 1005 1128 Luthero

450 1174 598 1231 Thomas
631 1174 863 1245 Naogeorgus
893 1173 924 1231 S.
953 1174 989 1231 D.
1020 1174 1051 1231 P.

307 1355 391 1424 Quod
415 1354 544 1412 Graecus
568 1354 617 1422 ait,
641 1347 697 1412 ὅθ’
721 1347 739 1432 ἡ
761 1348 893 1428 α’μαθία
915 1349 975 1428 μὲν
998 1353 1141 1432 θρασεῖς,

304 1443 468 1528 Ὀκνηρούς
490 1442 526 1505 δὲ
549 1443 585 1506 τὸ
608 1441 830 1525 λελογισμένον
853 1443 1076 1527 ἀπεργάζεται,

305 1544 468 1615 Nunquam,
493 1543 597 1600 eximie
621 1544 732 1612 doctor,
758 1542 835 1600 sensi
859 1560 923 1600 esse
947 1543 1042 1600 verius

306 1637 398 1707 Quam
421 1638 477 1694 hoc
501 1643 631 1709 tempore
654 1639 684 1693 in
706 1655 761 1706 me,
786 1637 834 1708 qui
857 1643 1026 1708 praesentes
1050 1638 1174 1696 audeam

277 1733 346 1792 cEt
369 1733 460 1789 serias
483 1749 530 1788 res
554 1737 584 1788 et
606 1733 706 1803 plenas
728 1732 859 1802 periculo

307 1825 401 1884 Infido
424 1826 592 1898 plerumque
615 1826 731 1883 theatro
756 1826 945 1882 committere.

307 1921 382 1977 Sane
405 1925 529 1989 veteres
555 1921 603 1991 qui
626 1921 806 1990 scripserunt
828 1920 1004 1990 tragoedias,

306 2015 472 2072 Praeterita
495 2020 554 2071 tum
578 2019 742 2072 tractarunt
765 2019 943 2086 argumenta,
967 2031 1022 2072 nec
1159 2081 1161 2088 Ι

306 2110 364 2166 Res
387 2114 557 2180 praesentes
581 2109 729 2180 quisquam
752 2127 839 2166 ausus
864 2114 908 2166 est
933 2126 1107 2180 proponere.

264 2223 291 2264 10
307 2203 370 2273 Quo
393 2202 511 2271 factum,
536 2207 568 2258 ut
591 2207 621 2258 et
643 2203 699 2273 ipsi
722 2203 778 2259 tuti
802 2208 900 2260 essent
923 2209 952 2260 et
975 2204 1102 2260 omnium

307 2299 364 2354 Pro
387 2297 532 2354 industria
556 2297 829 2354 commendarentur
855 2298 982 2355 vocibus.

307 2392 471 2450 Prudenter
493 2391 547 2462 illi3
577 2396 706 2448 ceterum
730 2409 783 2463 ego
807 2386 1038 2473 ἄμαθέσῑερον,

307 2487 361 2556 Qui
385 2503 442 2544 non
465 2503 518 2558 per
540 2486 655 2542 illorum
676 2486 810 2543 incedam
833 2487 964 2559 vestigia,

306 2581 364 2637 Sed
387 2591 426 2638 re¹
441 2581 588 2652 praesenti
612 2581 766 2637 multorum
793 2582 822 2637 in
845 2599 890 2638 me
912 2598 1069 2652 provocem

263 2676 412 2736 modium
435 2680 464 2732 et
486 2675 586 2732 labore
610 2693 674 2732 meo
699 2676 827 2747 quidem3
855 2693 910 2747 quo
935 2676 1003 2746 quid
1026 2680 1126 2746 potest

262 2781 329 2832 [nib]
352 2769 420 2826 Dici
443 2770 568 2838 stultius
593 2770 677 2826 huius
704 2771 729 2826 si
751 2769 851 2826 mundi
875 2770 1028 2826 commoda
1088 2831 1090 2834 ,

305 2864 476 2933 Quaerimus
500 2870 530 2920 et
552 2881 691 2932 amamus,
717 2864 742 2920 si
763 2865 861 2934 placet
883 2864 1058 2932 adsentatio,

306 2958 337 3013 Si
360 2958 516 3014 multorum
538 2959 669 3015 volumus
691 2957 810 3028 probari
835 2957 966 3014 calculis!

306 3051 364 3108 Sed
387 3052 455 3123 quid
479 3049 582 3123 agam?
608 3051 766 3108 Christiani
789 3069 847 3108 non
870 3069 934 3108 esse
959 3069 1063 3110 censeo

259 3163 291 3216 20
307 3145 463 3202 Hominum
486 3147 595 3202 servire
620 3147 770 3202 dumtaxat
793 3146 907 3202 libidini

305 3240 345 3296 nt
367 3241 500 3297 veritatis
524 3240 659 3297 deserere
683 3241 876 3311 patrocinium
900 3246 930 3297 et

305 3334 339 3391 ld
363 3334 455 3392 solum
479 3340 621 3406 spectare,
645 3339 678 3390 ut
699 3333 841 3406 probetur
864 3335 1006 3404 omnibus,

306 3429 378 3486 Cum
402 3433 498 3486 tamen
521 3429 610 3500 impia
634 3429 672 3484 sit
693 3445 761 3500 pars
785 3430 933 3487 hominum
956 3447 1041 3502 quam
1064 3429 1201 3498 maxima,

307 3523 359 3580 (tui
383 3541 440 3580 non
463 3524 519 3580 nisi
543 3523 602 3579 suis
618 3523 731 3608 'similia
754 3524 883 3581 moribus
907 3525 1031 3596 placent.

261 3637 290 3677 aa
306 3619 492 3690 Quapropter
514 3625 543 3675 et
567 3617 648 3674 Pauli
672 3625 741 3676 nota
766 3624 810 3676 est
833 3619 985 3689 sententia,
