2824 4196
282 240 340 298 126
481 249 695 307 haessonum,
719 251 926 296 ruuuscmvs
950 239 998 308 IV,
1028 241 1052 295 1.

662 425 863 483 Parrhesia.

777 580 779 584 ,
841 520 1040 592 Nequaquam,
1064 521 1144 578 hera.

278 634 335 678 2810
350 615 435 672 Hune
458 613 596 670 mundum
618 613 689 670 mihi
713 613 910 686 sophistarum
933 613 1037 672 adfixit
1060 615 1174 672 cohors,

690 725 843 783 Veritas.

348 818 551 894 Quapropter?

662 928 865 986 Parrhesia.

530 1025 567 1092 A,
591 1020 722 1094 rogitas?
747 1022 904 1080 Parrhesia
927 1039 998 1078 sum.
1024 1022 1112 1080 Haud
1133 1022 1209 1096 fere,

347 1120 378 1178 si
401 1119 464 1192 quis
489 1123 558 1191 agat
580 1123 630 1175 aut
654 1117 759 1174 deeeat
781 1117 865 1173 male.

685 1227 837 1284 Veritas.

839 1321 949 1378 Tamen
972 1337 1025 1392 ego
1049 1322 1102 1378 tibi

347 1418 539 1475 Interminata
561 1433 632 1482 sum,
657 1432 692 1472 ne
717 1415 779 1472 sola
802 1415 871 1488 quid
894 1415 1031 1472 hisceres.

637 1526 839 1583 Parrhesia.

346 1624 464 1681 Fateor.
490 1621 549 1679 Sed
571 1621 634 1693 quis
658 1627 777 1677 truncus
801 1621 853 1677 has
876 1619 954 1677 ierat
975 1618 1121 1691 ineptias?

684 1731 838 1788 Veritas.

273 1849 331 1890 aera
346 1830 450 1900 Inepta
472 1828 562 1899 igitur
584 1822 712 1883 audisti?

658 1937 863 1994 Parrhesia.

685 2032 752 2088 Non
775 2031 833 2088 dici
855 2036 962 2102 potest,

344 2129 437 2198 Quam
459 2128 567 2198 inepta,
592 2126 728 2196 absurda,
754 2126 878 2183 scelesta
901 2131 931 2183 et
953 2126 1042 2197 impia
1067 2142 1186 2184 eernere

345 2222 475 2292 Contigit
498 2227 528 2277 et
551 2219 652 2276 audire
675 2220 773 2288 hodie,
798 2225 830 2276 ut
852 2220 967 2278 mallem
990 2220 1118 2291 septiens

344 2316 438 2374 Exuri
461 2331 547 2386 quam
569 2313 618 2369 illa
641 2329 705 2370 meo
729 2313 855 2384 probare
879 2315 1004 2371 silentio.

684 2424 838 2481 Veritas.

345 2520 494 2580 Fortassis
518 2517 627 2574 Satana
650 2516 858 2588 praesidente?

658 2629 863 2688 Parrhesia.

838 2725 913 2793 Non,
937 2724 1017 2794 hera,
1075 2795 1077 2802 Ι

271 2842 329 2884 aeae
344 2822 403 2880 Sed
425 2818 622 2878 Pammachio.

683 2930 836 2986 Veritas.

580 3021 679 3094 Quid?
704 3023 905 3080 Pammachius
930 3023 1017 3080 docet
1039 3019 1148 3094 impia?

657 3134 861 3192 Parrhesia.

346 3235 387 3291 Et
408 3231 481 3290 feeit
504 3236 534 3288 et
558 3229 645 3287 docet
667 3229 765 3300 impia.

685 3329 840 3387 Veritas.

734 3422 810 3493 Quid
833 3420 897 3480 ais?
922 3420 1107 3494 Episcopus?

656 3535 860 3592 Parrhesia.

343 3636 488 3706 Quantum
511 3650 547 3690 ex
571 3631 656 3688 dietis
681 3635 710 3688 et
732 3629 818 3686 iactis
843 3629 930 3686 hodie
954 3628 1103 3700 intellego,
