2824 4196
283 255 342 311 144
481 261 696 322 Niceronem,
716 264 921 324 hauriemus
946 254 995 324 IV,
1020 259 1048 312 4.

637 437 892 498 Pammachius.

740 533 772 602 0,
798 539 876 592 totus
900 535 989 593 ardeo

350 627 506 685 Iracundia
529 631 558 684 et
581 627 668 685 animi
690 628 892 699 perplexitate.
918 628 949 686 Si

351 722 421 792 Quis
444 721 606 779 Veritatem
628 722 699 778 mihi
721 723 779 778 iarn
803 727 833 779 et
854 723 976 780 Paulum
998 725 1138 795 traderet,

351 815 441 888 Simul
464 821 493 872 et
516 815 666 872 doctorem
689 816 769 872 illum
792 817 954 885 scelestum,
981 818 1012 874 in
1034 820 1173 890 temporis

271 927 336 972 ,2215
352 910 464 967 Puncta
488 925 553 967 cum
575 910 646 980 ipsis
670 927 768 968 omnes
792 927 924 968 vorarem
947 911 1085 969 vestibus.

280 1042 346 1096 [Lau]
680 1029 845 1116 ¹Satanas

350 1127 426 1195 Heu,
449 1125 646 1197 praestitisset
668 1124 797 1195 vigilare,
821 1125 900 1182 haud
922 1129 1000 1182 totos
1025 1126 1087 1184 dies

349 1220 515 1290 Abdomini,
541 1234 641 1275 somno
664 1219 814 1290 ventrique
836 1219 1013 1290 impendere.

638 1337 891 1394 Pammachius

351 1433 375 1491 O
398 1433 571 1500 haereticos,
597 1447 613 1488 ο
637 1431 847 1500 schismaticos
876 1449 892 1488 o
915 1432 1053 1504 perfidos,

352 1526 406 1596 Qui
429 1527 502 1583 haee
524 1527 555 1581 in
576 1525 725 1582 Romanae
749 1525 827 1581 sedis
850 1526 999 1583 interitum
1023 1529 1151 1585 struunt!

650 1636 879 1708 Porphyrius.

278 1753 335 1794 2222
349 1733 404 1790 Dic
420 1732 499 1801 mihi,
516 1730 641 1788 Dromo:
659 1731 728 1802 quid
744 1731 858 1800 docent,
876 1749 948 1803 quae
963 1732 1078 1790 illorum
1094 1733 1252 1806 dogmata?

696 1850 835 1909 Dromo.

351 1947 467 2005 Doeent
488 1946 619 2003 homines
643 1946 705 2002 sola
727 1944 881 2002 iustificari
903 1945 969 2003 fide.

651 2064 881 2136 Porphyrius.
1078 2049 1094 2086 s

350 2160 373 2218 0
398 2175 526 2217 errorem
550 2158 692 2216 crassum!
805 2201 807 2206 ,

639 2277 890 2336 Pammachius

679 2373 740 2428 Vae
766 2373 874 2428 nostris
897 2371 1061 2430 ventribus!

696 2489 834 2547 Dromo.

351 2584 479 2643 Salutem
501 2585 531 2641 in
555 2584 616 2641 solo
641 2583 750 2642 Christi
772 2583 874 2641 haberi
896 2584 1021 2641 nomine.

648 2705 878 2776 Porphyrius.

351 2800 374 2858 Ο
398 2799 577 2858 haereticos!

637 2909 890 2967 Pammachius,

567 3004 637 3071 Vae,
662 3021 715 3060 vae
738 3004 810 3060 meis
833 3002 1006 3059 honoribus!

696 3115 835 3172 Dromo.

277 3225 334 3268 aare
350 3209 459 3280 Papam
483 3208 589 3266 docent
610 3225 670 3265 non
692 3224 755 3265 esse
780 3212 867 3278 caput
889 3207 1040 3265 ecclesiae.

649 3326 880 3398 Porphyrius.

349 3422 397 3479 Ad
420 3422 524 3494 ignem,
549 3421 586 3479 ad
608 3421 717 3493 ignem!

636 3539 889 3597 Pammachius.

707 3633 769 3690 Vae
792 3633 899 3705 triplici
923 3633 1096 3692 diademati!
