2824 4188
401 275 617 333 NAOGEORGVS‚
640 275 848 321 ruuuacmvs
871 265 894 334 Ι,
921 264 949 319 3.
1117 262 1157 319 25

183 465 248 520 [ceo]
545 435 796 512 Pammachius.

239 557 307 616 Non
330 561 434 614 cuncta
456 561 523 613 sunt
544 556 692 614 narranda
715 556 826 613 cunctis
849 555 980 612 cordium

241 651 378 722 Consilia,
401 651 574 722 praesertim
597 651 627 707 in
650 650 752 723 quibus
775 649 934 722 periculum

240 746 383 804 Consistit
404 749 455 803 aut
476 745 597 803 luorum.
621 745 666 803 Ne
689 745 779 817 igitur
800 742 977 815 interroges!

555 873 786 946 Porphyrius.

181 997 224 1038 450
239 977 327 1035 Nosti
349 983 381 1034 tu
403 994 516 1050 quoque
540 977 631 1034 tacita
654 976 775 1034 consilia
796 977 905 1034 nemini

240 1053 467 1141 Communicata,
492 1073 522 1129 in
545 1075 576 1128 re
600 1070 712 1128 difficili
735 1071 868 1140 maxime,

143 1203 147 1210 ·
238 1166 360 1239 Saepius
384 1183 448 1224 esse
473 1166 647 1223 calamitatis
670 1166 795 1238 ingentis
819 1169 914 1238 caput.

237 1261 318 1317 Nihil
339 1259 442 1318 laboro
466 1261 549 1318 scire.
574 1261 624 1317 Nil
646 1261 767 1332 periculi

238 1355 284 1412 Ex
306 1372 352 1413 me
375 1355 429 1412 tibi
452 1356 517 1425 erit,
541 1356 599 1412 tuis
622 1372 676 1413 uec
699 1354 839 1412 adversor
860 1353 958 1410 lucris,

178 1469 221 1510 455
236 1450 372 1519 Hercule,
395 1450 490 1507 nullus
514 1454 567 1518 est,
592 1455 730 1522 quantum
753 1466 807 1521 ego
830 1465 906 1517 reor,
931 1447 977 1505 cui
999 1447 1089 1504 tutius

236 1544 443 1616 Quodcumque
467 1549 511 1601 est
534 1545 698 1602 committas
721 1560 813 1616 neque
837 1543 925 1600 etiam
948 1542 997 1614 qui
1022 1542 1114 1612 magis

238 1638 300 1696 Tua
322 1655 495 1710 promovere
518 1638 639 1696 consilia
661 1639 763 1710 possit.

540 1767 794 1826 Pammachius

796 1869 891 1928 Grave
914 1873 959 1926 est

237 1964 351 2023 Dicere.

554 2076 782 2149 Porphyrius.

385 2169 462 2240 Quid
484 2167 546 2228 itu‘?

539 2283 794 2342 Pammachius.

568 2386 642 2445 Tute
664 2387 843 2460 improbabis
866 2385 998 2444 forsitan.

550 2489 782 2563 Porphyrius.

235 2591 315 2649 h'ihil
336 2594 440 2651 minus.

538 2722 792 2780 Pammachius.

469 2824 527 2883 Sed
550 2843 649 2883 eamus
672 2828 759 2896 intro,
783 2843 820 2884 ne
842 2826 956 2884 invidus

177 2936 219 2977 loo
235 2919 295 2974 Aut
318 2935 476 2991 coryoaeus
499 2921 602 2993 aliquis
625 2937 698 2993 quae
720 2921 824 2994 loquar
846 2922 954 2980 audiat.

552 3048 780 3122 Porphyrius

234 3149 381 3222 Quidquid
403 3151 471 3209 novi
495 3157 548 3222 est,
573 3153 679 3210 malum
702 3158 815 3212 tantum
837 3171 874 3212 ue
897 3155 944 3224 sit,
967 3172 1081 3227 precor.

535 3281 790 3342 Pammachius

233 3382 313 3439 Nihil
336 3388 382 3440 est
403 3383 480 3441 mali.
504 3384 647 3442 Ausculta
669 3386 830 3457 dumtaxat,
854 3392 887 3444 ut
909 3404 998 3460 queas

233 3477 415 3549 lutcllegere.
440 3477 481 3536 Te
506 3480 680 3538 continentis
703 3481 844 3538 hacteuus

232 3569 363 3643 Linguae
386 3572 453 3629 novi
476 3573 604 3645 meisque
628 3573 714 3632 rebus
738 3575 870 3633 omnibus

175 3683 217 3724 loo
233 3664 354 3723 Favere.
