2824 4196
275 243 314 300 94
474 254 688 315 uuooaouova
710 259 915 303 eauuaomvs.
940 248 994 317 111,
1019 250 1046 306 5.

632 432 885 491 Pammachius¹

272 543 329 586 2015
345 525 477 583 Prorsus.
501 525 644 598 Loquere,
669 545 741 598 quae
764 528 844 597 iussi,
870 529 995 601 singula!

644 638 876 711 Porphyrius,

994 724 1121 795 Faciam,

347 806 404 865 Sed
426 809 469 866 ita
491 814 524 865 ut
546 809 603 865 mei
625 809 800 866 memineris.
902 881 905 890 ι

633 911 887 969 Pammachius.

782 1015 849 1071 Nou
871 1015 942 1072 mihi
965 1015 1092 1072 excides.

692 1118 832 1174 Nestor.

349 1209 444 1279 Certe,
468 1211 636 1282 imperator,
660 1229 805 1283 nunquam
829 1212 946 1283 aliquod
972 1213 1029 1269 iter
1051 1213 1147 1269 animo

351 1303 470 1362 Confeoi
493 1305 636 1377 iniquiore
660 1310 746 1377 atque
769 1306 833 1362 hoc.
858 1306 898 1362 Et
921 1307 946 1362 si
968 1323 1063 1364 meum

348 1399 505 1470 'Negotium
528 1405 672 1471 ageretur,
698 1401 814 1456 metalla
837 1405 904 1456 aute
926 1399 1066 1468 foderem,

277 1511 334 1553 aoao
350 1493 441 1562 Quam
463 1499 495 1549 ut
518 1511 535 1550 a
557 1495 620 1550 viro
643 1499 703 1550 iam
726 1495 845 1566 indiguo
868 1500 998 1565 peterem
1020 1495 1152 1566 gratiam.

680 1595 848 1652 Iulianus.

350 1689 393 1746 Tu
415 1688 533 1746 fortiter
555 1689 679 1761 quidem,
705 1690 756 1746 sed
779 1690 939 1761 prudentor
960 1707 1071 1761 pamm.

349 1784 416 1841 Nou
432 1801 554 1854 semper,
579 1784 657 1855 quod
672 1784 812 1853 volumuS,
837 1784 889 1841 sed
912 1785 989 1856 quod
1009 1789 1141 1855 tempora
1156 1781 1258 1840 ferunt

349 1878 390 1935 Et
412 1895 459 1934 res
482 1878 635 1945 humanae,
658 1877 765 1947 facere,
790 1879 907 1946 Nestor,
933 1879 1075 1935 convenit.

697 1981 837 2037 Nestor.

350 2073 479 2143 Videbis,
505 2075 567 2146 ipse
590 2077 620 2131 in
643 2075 772 2146 quodie
795 2075 970 2147 praecipites
994 2073 1113 2130 malum!

683 2186 850 2242 IulianuS.

280 2298 338 2340 2025
353 2279 433 2336 Bene
457 2279 601 2336 ominare!
625 2279 683 2335 Res
707 2279 815 2350 alioqui
839 2285 905 2335 sunt
926 2280 1029 2336 malae.

353 2374 411 2432 Sed
435 2373 503 2446 quid
527 2374 582 2430 sibi
604 2374 664 2429 vult
687 2373 759 2430 haec
782 2371 889 2430 turba?

698 2475 837 2532 Nestor.

781 2567 876 2639 Quid?
901 2570 974 2638 Heu,
1000 2569 1146 2641 quidhoc
1168 2565 1259 2626 novi?

353 2667 555 2726 Pammachius
578 2667 669 2738 regali
692 2666 814 2722 vestitus
839 2661 987 2736 purpura?

683 2777 852 2832 Iulianua

354 2865 410 2922 Vbi
433 2861 497 2921 est?

701 2963 841 3020 Nestor.

487 3061 523 3128 A,
547 3075 605 3116 non
628 3057 709 3114 vides
732 3057 841 3113 idolum
864 3073 1000 3114 carneum

355 3157 418 3212 Tua
440 3158 585 3210 tenentem
610 3147 745 3222 sceptra?

684 3251 853 3307 Iufianua

717 3343 740 3402 Ο
764 3343 839 3401 mala
861 3345 925 3416 plus
949 3363 1034 3418 quam
1056 3343 1193 3402 Lemnia!

284 3461 353 3515 [aaa]
378 3447 424 3506 Ab
448 3444 525 3504 omni
548 3442 689 3499 adoratur
710 3437 826 3509 populo.

702 3540 842 3596 Nestor.

799 3632 821 3690 Ο
847 3633 934 3690 stulte
957 3634 1073 3706 popule,
