2824 4196
367 271 889 341 utoanonavs,1³annnou1vs.III,
916 270 943 327 6.
1085 268 1140 325 121

576 460 736 518 Satanas.
859 463 862 468 '

241 558 333 629 Euge,
359 556 446 614 socii!
469 555 570 627 Neque
594 559 662 612 ante
684 554 799 610 vincula
822 551 970 624 quidpiam

241 652 348 708 Melius
371 651 521 719 successit,
545 666 599 706 nec
623 666 677 720 ego
700 664 792 720 neque
815 663 867 704 vos
890 645 961 702 talia

241 746 375 803 Antehac
397 762 523 817 unquam
546 742 663 801 efficere
685 743 841 814 potuimus.
867 739 925 797 Sed
946 739 1057 796 Dromo

242 839 459 898 Pammachium
482 823 711 896 etiam'heroica
733 835 838 894 fecisse
861 833 1022 907 praedicat.

591 967 729 1024 Planus.

163 1082 228 1125 2710
244 1063 349 1121 Credo.

580 1174 740 1232 Satanas.

322 1269 381 1327 Sed
404 1287 502 1327 eamus
527 1270 565 1326 ad
588 1287 652 1326 eum
674 1267 858 1346 exploratum
881 1263 991 1322 omnia!

587 1390 727 1447 Planus

243 1485 402 1557 Sequimini
425 1485 539 1542 omnes!

545 1603 773 1675 Porphyrius.

522 1699 631 1768 Placet,
655 1703 748 1770 pater,
773 1696 898 1754 venatio.

243 1794 337 1851 Ferae
359 1794 480 1866 pingues
505 1793 599 1850 solent
622 1809 685 1850 esse
708 1793 739 1848 in
762 1791 927 1855 Germania,

243 1888 306 1946 Illic
327 1889 452 1960 primum
475 1889 592 1945 tendam
616 1904 722 1944 casses.

531 2007 784 2064 Pammachius.

699 2101 770 2171 Phy,
796 2101 820 2156 si
843 2099 947 2170 placet,

171 2206 232 2261 [rsa]
250 2195 378 2268 Legatus
402 2197 441 2252 sis
465 2213 545 2253 meus
569 2213 586 2253 a
608 2196 700 2252 latere
723 2195 754 2251 in
777 2193 941 2252 Germania.

545 2325 773 2397 Porphyrius.

166 2437 227 2481 2710
242 2419 351 2488 Placet,
376 2420 400 2476 si
422 2421 519 2492 magni
541 2420 679 2491 ponderis
702 2419 897 2491 indulgentias

243 2513 333 2570 Simul
356 2514 481 2571 dederis.
506 2514 622 2583 Mirum,
648 2532 734 2586 quam
756 2515 834 2570 iners
857 2514 905 2570 ille
927 2512 1050 2584 populus

243 2608 396 2678 Quaeritet
418 2613 448 2665 et
471 2604 633 2666 delectetur
658 2609 854 2680 indulgentiis

531 2735 784 2793 Pammachius.

242 2839 295 2896 Vel
310 2839 472 2912 plaustrum
488 2845 622 2898 onustum
638 2845 733 2896 tecum
748 2839 837 2896 infer!
860 2839 940 2896 Bene
956 2839 1053 2910 habet,
1072 2841 1095 2898 si
1112 2858 1147 2899 ea

245 2934 379 3006 Cupiunt,
405 2935 507 3006 quibus
531 2935 663 2992 Romana
686 2933 816 2991 abundat
839 2935 927 2992 curia.

170 3045 229 3088 2720
243 3028 358 3086 Novum
380 3027 437 3086 hoc
460 3030 516 3086 erit
539 3029 700 3100 aucupium.
726 3028 784 3086 Sed
808 3027 931 3086 Satanas
954 3030 1065 3087 introit.

241 3123 322 3179 Nihil
345 3127 398 3193 est,
422 3123 480 3180 iarn
503 3124 580 3195 quod
602 3124 708 3181 malini.

576 3243 741 3330 Satanas.

363 3413 366 3418 .
706 3337 781 3395 Sane
804 3343 842 3408 te,
865 3337 1041 3409 Pammachi‚

242 3430 326 3488 Getis
349 3430 511 3504 magnifico.
537 3431 595 3489 Sed
618 3433 665 3504 qui
688 3433 743 3490 tibi
764 3433 908 3504 principia
930 3430 1059 3489 habent?

531 3569 784 3627 Pammachius.

240 3672 289 3729 Ad
312 3671 467 3742 adfectum,
491 3673 636 3745 princeps,
661 3674 821 3731 succedunt
845 3675 949 3732 omnia.
