2824 4196
264 323 323 379 118
461 333 675 393 uicenonevs
697 333 902 378 Pnuunouius
930 323 983 392 ΙΙΙ,
1010 323 1037 379 5.

636 510 865 584 Porphyrius

826 605 877 662 Vis
902 606 1042 664 ecclesiae

261 718 319 760 2645
334 699 443 757 Hostes
468 704 497 757 et
519 700 684 756 haereticos
707 716 760 771 pro
785 701 902 756 summis
926 700 1035 758 viribus

333 794 506 866 Exstirpare
531 798 560 851 et
582 795 613 850 in
635 795 712 852 omni
735 795 857 866 impen'o
880 793 1085 866 proscribere?

664 906 833 962 lulianus.

264 1011 321 1064 [Iob]
343 1001 427 1059 Volo.

633 1113 865 1186 Porphyrius.

417 1207 467 1264 Vis
492 1208 610 1265 comitia
632 1208 710 1264 nullu
734 1207 843 1264 habere
866 1208 1038 1280 principum,

333 1302 398 1359 Nisi
420 1302 532 1374 legatus
556 1301 702 1374 pontificis
726 1299 862 1359 intersit?

665 1423 834 1479 Iulianus,

844 1517 928 1574 Volo.

634 1628 865 1699 Porphyrius.

334 1723 385 1780 Vis
407 1723 480 1779 nihil
502 1724 532 1779 in
554 1723 669 1794 imperii
692 1722 780 1779 rebus
805 1723 978 1780 concludere

260 1835 317 1877 neco
332 1818 392 1874 Aut
416 1818 551 1875 ordinare
576 1818 637 1874 sine
660 1833 753 1888 papae
777 1834 888 1874 summu
910 1814 1018 1874 manu?

666 1928 835 1984 lulianus

333 2023 417 2081 Volo.

632 2134 865 2206 Porphyrius,

416 2228 498 2285 Haec
521 2233 588 2284 sunt
612 2229 716 2299 capita,
743 2228 859 2296 Caesar,
883 2244 937 2298 pro
962 2227 1064 2299 quibus
1087 2227 1141 2284 tibi

332 2323 505 2379 Errctorum
528 2323 641 2379 veniam
665 2322 747 2378 dabit
770 2323 969 2378 sanctissimus

334 2417 374 2472 Et
396 2417 492 2488 gratia
514 2418 544 2472 in
566 2417 694 2487 priorem
717 2417 853 2472 restituet
874 2416 978 2474 locum.

335 2510 366 2568 Si
388 2511 437 2568 illa
459 2511 549 2582 igitur
571 2510 625 2566 tibi
648 2516 715 2567 sunt
738 2511 819 2568 cordi
842 2511 976 2582 nullaque
999 2509 1079 2567 fictio

263 2624 320 2666 2655
336 2605 451 2675 Subest,
475 2605 522 2664 fec
545 2606 731 2663 iureiurando
756 2604 891 2662 adfirmes
915 2604 1011 2674 fidem,

334 2701 378 2757 Ne
402 2700 517 2772 quondo
540 2701 653 2773 gratiae
676 2701 761 2757 huius
784 2699 933 2771 paeniteat
956 2698 1084 2770 patrem!

680 2821 820 2878 Nestor.

334 2917 388 2985 Qui
412 2933 516 2988 equum
538 2933 628 2988 usque
652 2916 690 2972 ad
712 2914 823 2972 ferreos
847 2915 960 2972 voravit
984 2915 1107 2983 calceos

334 3010 433 3068 Facile
457 3015 487 3068 et
509 3015 621 3068 tautum
643 3009 715 3067 ferri
737 3010 847 3080 poterit
871 3025 1048 3066 consumere.

666 3131 839 3186 Iulianus,

333 3225 418 3283 Pacis
442 3243 530 3298 supro
554 3227 664 3297 scripta
689 3225 794 3296 cupita,
818 3228 850 3280 ut
873 3224 999 3280 recitata
1022 3226 1097 3291 sunt,

264 3338 323 3380 oeno
338 3321 406 3377 Iuro
429 3320 484 3377 tibi
505 3337 600 3392 pupae
622 3323 811 3391 perpetrem
835 3322 865 3374 et
886 3316 977 3374 filium
1030 3391 1040 3400 ¹

335 3414 376 3471 Et
399 3415 532 3486 spiritum
555 3419 687 3470 sanctum
710 3429 755 3469 me
780 3429 816 3468 ex
839 3412 935 3468 animo
959 3417 989 3467 et
1011 3409 1135 3468 firmiter

337 3508 451 3566 Sentire
475 3513 635 3580 cunctaque
658 3507 803 3564 facturum
826 3504 999 3562 firmissime.

640 3628 869 3699 Porphyrius,

339 3724 456 3782 Accede
479 3724 537 3780 imn
561 3728 589 3780 et
613 3724 705 3794 patris
730 3722 862 3780 osculare
886 3721 1009 3790 calceos,
