2824 4196
252 210 299 271 ‘60
466 221 681 282 phoenomena,
702 222 910 268 1131303113.
934 210 972 281 ll,
997 211 1025 268 3.

650 397 847 455 Chremius

330 494 414 553 Meus
439 493 572 566 equidem
594 492 679 550 labor
699 492 779 550 nullo
801 491 912 550 frustra
935 496 981 549 est
1003 492 1059 562 die,

330 588 415 659 Quod
437 593 475 658 10,
499 588 644 660 princeps,
668 603 728 644 non
750 587 831 644 latet.
857 586 963 644 Omnes
986 587 1140 658 pecuniam

330 684 481 753 Quaerunt
503 699 537 740 ac
561 682 693 754 dihgunt.
719 681 768 740 Me
791 680 904 740 faciunt
925 681 1041 753 plurimi
1064 686 1094 738 01

262 797 317 839 1303
334 778 442 835 Gentes
466 781 495 834 et
519 776 686 845 Christiani,
711 793 832 848 quorum
854 775 994 848 plurimos

267 883 334 937 [naa]
354 871 456 930 Ditavi
478 871 581 929 hodic:
606 887 661 943 quo
687 869 834 928 Christum
856 870 915 928 iam
938 875 1042 928 curant
1063 869 1166 937 minus,

330 967 392 1024 Nos
415 971 598 1034 venerantur,
623 960 676 1022 no's
700 964 829 1035 laudant,
853 964 938 1022 nohis
961 965 1098 1022 serviunt.

330 1061 409 1131 Quos
432 1065 502 1132 puto
527 1059 740 1117 constantiores
763 1059 853 1116 multo
877 1057 1011 1131 gentibus

332 1155 418 1224 Fore,
444 1160 474 1211 ot
496 1155 554 1211 iam
575 1158 695 1226 praetor
717 1169 823 1210 nomen
846 1152 954 1210 Christi
976 1153 1017 1210 nil
1039 1152 1157 1221 hahent,

260 1269 315 1311 1310
330 1250 441 1307 Tantae
465 1249 542 1321 quod
566 1249 604 1305 sit
625 1246 803 1322 professioni
826 1264 993 1306 consonum.

664 1366 829 1424 Satanas.

330 1465 411 1522 Bone
435 1468 540 1520 actum.

649 1581 842 1638 Chromius.

567 1685 726 1743 Praeterea
748 1701 814 1742 mea
836 1690 899 1762 arte
922 1685 1081 1743 homicidia

330 1780 451 1839 Confeci
472 1780 558 1849 millo,
584 1779 729 1836 adulteria
751 1779 917 1852 quingenta,
941 1796 994 1837 noc

330 1877 487 1934 Furtorum
510 1875 613 1948 aliquis
638 1879 682 1932 cst
704 1891 849 1931 numerus.
875 1874 1006 1932 Iudicum
1033 1875 1133 1934 docem

330 1970 454 2042 Corrupi
476 1969 564 2038 milia,
589 1968 729 2026 ducentas
754 1985 866 2040 quoque
890 1969 1016 2040 virgines

258 2084 314 2126 1313
330 2064 433 2122 Fefelli
456 2069 486 2121 01
507 2063 600 2120 hastis
624 2063 787 2134 expugnavi
810 2063 965 2134 argenteis.

330 2159 407 2229 Quid
429 2174 588 2215 memorem
610 2157 787 2228 imposturas
810 2155 986 2230 fraudesque
1009 2157 1151 2216 maximas

293 2283 295 2288 ·
330 2251 568 2324 Negotiatoruml
593 2250 669 2320 Quid
692 2250 854 2307 scribarum
877 2251 960 2308 dolos

331 2346 608 2417 Causidicorumque
632 2344 752 2401 technas
776 2361 810 2402 ac
833 2345 985 2403 mendacia

330 2440 447 2498 Dicam!
471 2439 619 2497 Nobilium
643 2438 896 2510 compilationibus

259 2555 314 2598 1320
330 2536 507 2608 Rapinisquo
530 2533 661 2591 laborem
685 2534 911 2591 commonstrari
933 2550 1037 2591 meum.

330 2630 433 2702 Pigros
458 2630 545 2687 etiam
568 2628 668 2700 paravi
691 2633 807 2684 ventres
830 2628 980 2700 plurimos,

331 2725 459 2782 Inertiae
483 2729 569 2796 atque
592 2721 715 2779 falsitati
739 2722 864 2792 deditos,

330 2819 433 2877 Falsos
456 2818 625 2890 0100110133,
649 2821 807 2888 nugatores
831 2817 966 2888 00111103,

332 2914 518 2982 Α11111310103,
543 2912 650 2980 asinos,
675 2911 792 2970 bestias¹
809 2911 913 2967 malas:

260 3028 314 3069 1333
331 3007 534 3081 Spectaculum
556 3005 654 3062 hercle
677 3004 759 3062 vobis
783 3004 1030 3062 iucundissimum.

328 3101 411 3160 Haec
433 3106 536 3159 nostra
559 3099 613 3158 tibi
635 3098 768 3171 perfecta
791 3099 873 3155 dedit
895 3099 1047 3156 industria.

665 3219 832 3277 Satanas

330 3325 377 3382 Ha
399 3325 438 3382 ha
461 3324 508 3394 ha,
532 3323 674 3384 mirabilis
697 3323 780 3394 regni
801 3323 896 3380 nostri
919 3322 1034 3394 artifex,

330 3419 441 3491 Dignus
465 3417 607 3491 profect0,
632 3417 710 3488 apud
732 3433 778 3473 1110
802 3417 849 3488 qui
872 3417 982 3488 primus
1006 3419 1077 3475 sies:

257 3525 323 3578 [nou]
345 3515 391 3572 Ita
413 3531 460 3572 res
483 3519 584 3572 curate
607 3511 735 3569 vostras!
760 3511 895 3569 Praemia
917 3529 968 3570 vos
992 3517 1111 3570 manent

259 3627 315 3672 1330
330 3609 469 3667 Maxima.
496 3607 627 3666 Coronas
650 3605 768 3664 interim
790 3605 879 3664 hasce
903 3607 1022 3665 sumite!
