2824 4196
287 270 345 329 116
486 280 698 340 nicanorem,
721 281 926 328 annulantes.
951 271 1005 340 Ill,
1031 272 1058 328 5.

534 537 536 542 ι
656 457 886 530 Porphyrius.

354 553 413 611 Abi
436 553 466 609 in
488 551 594 610 malam
616 569 686 622 rem,
710 553 860 609 haeretica
883 551 1068 610 Viclevitica!

669 673 871 740 Parrhesia

356 767 439 837 Olim,
465 765 596 837 sceleste,
621 766 691 823 mihi
713 783 823 838 poenas
848 766 940 836 dabie,
964 767 1021 824 nisi

356 861 456 920 Omnis
478 878 599 933 prorsus
622 862 710 933 periit
732 861 845 918 iustitia
868 861 945 933 apud
969 862 1062 919 deum.

505 957 531 1006 ⁹
658 981 886 1072 Porphyrius.

356 1077 449 1146 Nunc,
474 1075 591 1145 Caesar,
617 1076 804 1133 condiciones
826 1076 907 1148 pacis
932 1076 1045 1148 accipe!

281 1190 340 1233 2222
356 1169 458 1228 Credis
480 1187 586 1242 papam
609 1187 750 1227 summum
773 1187 836 1227 esse
860 1170 999 1228 ecclesiae
1024 1167 1127 1243 caput?

355 1266 425 1323 Dic:
451 1265 548 1322 credo.

689 1384 859 1442 Iulianus

535 1477 640 1536 Credo.

659 1599 890 1671 Porphyrius.

646 1693 748 1751 Credis
773 1693 891 1751 decreta
913 1694 990 1751 illius

357 1789 456 1848 Divini
478 1787 560 1846 verbi
583 1786 692 1846 hahere
714 1788 772 1844 vim
795 1804 849 1845 nec
872 1788 1019 1860 quidpiam

244 1963 247 1967 ι
286 1894 345 1948 [lta]
365 1884 476 1942 Errare
498 1879 605 1954 posse?
626 1875 629 1882 '

689 2002 860 2060 luhanus

596 2096 701 2155 Credo.

661 2217 890 2290 Porphyrius.

699 2309 802 2368 Credis
825 2329 890 2368 eum
913 2328 1002 2383 supra

304 2413 311 2424 '
358 2407 461 2464 Patres
485 2410 515 2463 et
538 2404 661 2463 concilia
684 2421 748 2462 esse
772 2410 802 2461 et
823 2390 910 2476 posse
934 2422 951 2462 a
972 2405 1087 2463 nemine
1199 2467 1206 2472 ,

184 2539 186 2545 ,
286 2520 344 2562 acas
359 2501 420 2558 Aut
442 2499 566 2557 iudicari
589 2503 640 2556 aut
663 2499 794 2556 damnari
816 2497 1002 2556 mortalium?

649 2695 651 2704 Ι
691 2619 861 2676 Iulianus.

362 2714 466 2773 Credo.

663 2824 889 2896 Porphyrius.

465 2919 567 2977 Credis
589 2935 695 2991 papam
716 2920 830 2990 imperii
853 2919 992 2976 heredem
1014 2935 1079 2982 esse
1101 2935 1153 2977 nec

361 3014 466 3072 Valere
490 3012 646 3071 Caesarem
669 3012 778 3085 absque
802 3013 863 3070 cius
887 3011 1052 3071 sententia?

361 3108 431 3165 Dio:
456 3107 553 3165 credo.

693 3228 863 3285 Iulianus

549 3319 653 3379 Credo.

361 3531 406 3565 ²⁶²³
424 3532 513 3586 Extra
536 3531 569 3585 de
591 3547 709 3585 concess.
735 3547 791 3599 pre.
814 3531 969 3599 Proposuit.
998 3532 1093 3586 Etdc
1115 3531 1203 3600 appel.
1223 3531 1269 3587 Vt

292 3607 409 3663 debitus.
429 3609 485 3663 Cle.
503 3613 574 3678 past.
594 3609 629 3662 ad
647 3608 727 3662 finem
746 3608 778 3661 de
797 3613 882 3662 sente.
902 3612 931 3662 et
944 3625 973 3662 re
985 3608 1050 3662 iudt
1065 3608 1269 3664 Constantinus

293 3703 314 3740 c.
334 3687 373 3740 16.
393 3685 496 3741 Distin.
515 3685 604 3740 Extra
622 3686 655 3740 de
673 3685 710 3739 iu.
730 3702 787 3753 cap.
805 3687 829 3738 3.
848 3685 938 3738 Extra
959 3687 992 3740 de
1010 3685 1062 3740 Ro.
1082 3702 1134 3741 ecc.
1153 3703 1194 3740 ca.
1209 3684 1270 3742 sin.
