2824 4196
264 249 304 309 54
454 259 682 321 1100101010,
705 261 911 306 1111101110.
936 251 974 319 ll,
1000 251 1027 307 3.

263 455 319 497 1125
335 437 500 496 Adventum
521 439 553 495 in
574 438 674 509 primis
698 437 878 508 gratulantes
900 453 1080 510 prosperum,

332 531 447 590 Deinde
470 533 558 590 etiam
581 531 719 600 audituri,
743 531 880 604 quidnam
902 548 955 588 nos
977 532 1057 589 velis.

670 625 832 684 Satanas

333 720 486 778 Mittamus
509 738 585 779 nuno
608 721 678 779 alia!
702 721 787 791 Quod
810 738 855 778 me
878 727 976 779 movet
996 721 1108 794 loquar.

335 816 410 886 Quid
433 817 551 874 tandem
574 820 628 887 est,
652 833 669 872 o
694 813 802 872 duces?
826 817 887 872 Aut
910 833 961 873 our
982 804 1160 888 permittitis

334 910 372 966 Vt
394 911 586 983 neglegentia,
611 910 714 979 dicam,
740 915 791 967 aut
813 911 950 968 socordia

265 1023 321 1065 1130
336 1005 464 1077 Populus
488 1006 633 1062 desciscat
654 1002 773 1062 vestra?
797 1004 918 1062 Vestras
940 1005 1058 1062 hercule

334 1100 397 1157 Iam
419 1117 538 1172 prorsus
561 1101 684 1157 virtutes
708 1099 862 1157 desidero.'
882 1099 990 1156 Parum

334 1193 455 1264 Aberat,
478 1203 580 1252 'omnes
603 1199 636 1251 ut
658 1194 695 1251 ad
718 1211 771 1251 nos
794 1194 950 1251 vertissent
969 1193 1073 1265 pedem

335 1289 392 1346 Tot
414 1291 524 1360 poenis,
549 1294 594 1346 tot
615 1289 762 1360 perieulis
787 1293 832 1345 tot
854 1288 995 1345 mortibus

333 1385 411 1453 Acti,
436 1386 484 1456 qui
507 1385 561 1442 soli
584 1384 668 1442 nobis
692 1387 759 1440 sunt
782 1383 935 1454 contrarii,

264 1498 319 1540 1135
334 1481 375 1536 At
397 1497 444 1536 res
468 1496 522 1551 per
543 1495 594 1536 vos
618 1495 732 1535 sursum
755 1495 789 1535 ao
813 1477 949 1536 deorsum
972 1477 1104 1535 vertitur.

335 1575 505 1647 Aequumne
529 1578 574 1630 001
596 1591 641 1631 10
665 1574 715 1631 diu
736 1577 881 1645 noctuque
905 1573 1007 1629 sedulo

335 1669 515 1741 Instigando,
540 1667 694 1736 monendo,
719 1668 857 1724 terrendo
881 1683 1004 1739 quoque,

334 1762 470 1820 Manibus
492 1762 672 1834 pedibusque
696 1761 825 1818 01111110
852 1761 1069 1831 calliditatibus,

263 1868 329 1921 [aab]
340 1857 454 1927 Quanta
476 1857 579 1914 harum
601 1857 698 1913 1111010
721 1857 817 1928 potuit
840 1856 943 1913 adesse
967 1857 1059 1928 copia,

264 1971 320 2012 1110
335 1952 453 2024 Imperii
475 1952 569 2009 nostri
591 1952 771 2023 promovisse
796 1951 955 2019 commoda,

334 2047 393 2104 Vos
416 2047 533 2104 interim
556 2047 646 2103 altum
670 2045 808 2103 stertere!
833 2045 889 2102 Pro
912 2044 1020 2116 pudor!
1043 2043 1150 2112 DuoeS,

336 2141 415 2210 Quos
437 2141 546 2212 primos
570 2147 685 2198 1010100
708 2157 806 2197 rerum
829 2156 893 2196 esse
917 2139 1060 2205 convenit,
1194 2139 1200 2146 ’

335 2235 509 2292 Reoondunt
531 2237 642 2292 otiosas
665 2237 695 2292 in
718 2235 811 2291 sinum
834 2251 944 2290 manus.

337 2329 489 2401 Condigna
512 2347 548 2387 an
570 2330 653 2387 vobis
676 2346 735 2385 non
757 2321 875 2400 possum
897 2327 1064 2399 persolvere

265 2442 320 2484 1145
336 2422 490 2482 Praemia?
513 2425 561 2481 An
583 2425 625 2482 ita
647 2424 788 2480 haetenus
812 2422 848 2478 de
870 2421 953 2480 vobis
976 2419 1117 2480 meritus?
1141 2423 1202 2478 Aut

335 2519 409 2576 Eam
432 2519 550 2576 tandem
572 2536 624 2576 vos
647 2519 771 2590 gratiam
794 2515 974 2588 rependitis?

685 2613 822 2669 Planus.

337 2709 360 2767 Ο
383 2709 517 2781 princeps
541 2708 641 2765 mundi
664 2713 750 2779 atque
772 2705 931 2763 monarcha
953 2705 1163 2776 potentissime,

338 2804 414 2874 Quid
436 2821 489 2860 nos
513 2803 589 2861 servi
612 2803 655 2860 tui
678 2801 841 2859 curavimus
863 2797 978 2856 minus?

674 2896 833 2954 Satanas

338 2992 455 3066 Rogas?
479 2994 535 3064 Qui
558 2993 646 3050 talem
668 3008 761 3062 nuper
783 2990 929 3049 hominem
952 2988 1100 3045 amisimus

265 3108 322 3150 115o
337 3090 456 3160 Ignavia
479 3094 584 3157 vestra,
609 3086 755 3144 fautorem
777 3083 983 3156 aequissimum

338 3183 428 3240 Simul
450 3189 479 3240 et
501 3185 749 3254 propugnatorem
772 3185 920 3237 strenuum
943 3174 1066 3248 imperi?

336 3278 469 3335 Aliorum
491 3278 601 3334 utinam
626 3275 727 3333 decem
749 3274 906 3345 periissent
928 3270 1008 3327 milia

336 3375 432 3445 Atque
454 3372 502 3428 hio
525 3388 598 3427 unus
621 3370 675 3438 vir,
699 3369 764 3436 heu,
789 3366 872 3437 regni
894 3365 987 3421 nostri
1013 3363 1135 3422 aneora!

336 3468 411 3524 Num
433 3471 592 3539 propterea
614 3481 665 3521 vos
690 3461 827 3519 constitui
850 3460 984 3527 vicarios,

265 3582 321 3624 1155
337 3563 376 3620 Vt
398 3580 442 3630 ea,
466 3578 539 3634 quae
563 3559 667 3615 nullius
691 3561 758 3613 sunt
781 3554 877 3626 pretii,
904 3553 1006 3610 callide

336 3657 516 3716 Custodiatis
541 3659 570 3712 ot
593 3651 723 3726 perdatis
748 3645 877 3722 optimo?
