2824 4196
246 260 303 318 148
445 269 887 329 nnoauouevs,mirnuen1vs.
913 260 962 327 IV,
987 261 1014 317 5.

315 449 515 521 Vnnsquisquc
539 464 620 504 suum
643 448 701 504 iam
724 447 803 503 dieat
826 448 1007 517 sententium,

312 543 375 613 Qua
398 559 429 600 re
452 542 538 599 rebus
562 547 621 598 tam
644 541 770 598 adflictis
794 543 923 598 succurri
946 547 1041 614 queat.

312 637 376 706 Dic,
402 635 584 694 Pammachil

601 790 852 847 Pammachius,

549 893 697 950 Adversus
722 911 781 961 000,
804 893 949 964 princeps,
975 892 1130 950 Caesarem

311 989 440 1047 Armabo
463 993 662 1060 terrarumque
686 1005 769 1059 reges
793 988 927 1055 omnium,

240 1103 297 1145 3303
313 1085 367 1154 Qui
393 1083 477 1140 nobis
501 1088 567 1139 sunt
589 1083 686 1150 iurati,
712 1083 758 1154 qui
782 1087 849 1138 sunt
870 1079 923 1138 filii

313 1179 434 1250 Semper
457 1177 563 1246 dilecti,
590 1177 637 1248 qui
661 1177 758 1233 colunt
781 1193 833 1232 nos
856 1176 1006 1232 hactenus

311 1272 465 1344 Episcopis
490 1275 519 1328 et
542 1271 662 1336 cunctis,
687 1271 733 1342 qui
756 1271 917 1341 potentiam

211 1421 215 1426 .
312 1367 366 1423 Vel
388 1367 472 1422 unius
496 1381 612 1422 muscae
636 1363 777 1432 obtinent,
801 1379 988 1436 praecepero,

312 1461 352 1517 Vt
374 1465 441 1518 ante
465 1459 581 1532 quidem
604 1459 723 1515 caelesti
746 1463 841 1515 tactos
863 1456 982 1514 fulmine

240 1574 297 1616 3300
312 1555 524 1622 Exterminen't,
549 1553 681 1624 perdant,
706 1552 849 1622 occidant,
874 1551 1055 1622 strangulent

314 1649 381 1706 Sine
405 1648 523 1716 iudicio,
548 1648 609 1704 sine
632 1647 704 1718 lege,
729 1647 837 1718 absque
861 1645 1062 1704 misericordia

308 1744 423 1811 Omnes,
448 1743 496 1814 qui
519 1741 673 1799 adversum
694 1758 739 1797 me
763 1741 835 1797 haec
858 1740 1011 1797 docuerint
1034 1739 1179 1810 dogmata.

645 1887 805 1945 Satanas.

311 1995 411 2050 Recte.
436 1992 500 2060 Dio,
525 1991 683 2064 Porphyri!

609 2137 840 2208 Porphyrius.

649 2239 818 2296 Studiorum
841 2255 945 2296 censeo

310 2335 426 2406 Magnis
449 2335 598 2406 promissis
622 2334 729 2390 adduci
753 2333 883 2404 collegia,
908 2337 940 2388 ut

239 2449 295 2491 3303
310 2430 408 2488 Etiam
431 2429 490 2485 suis
514 2428 586 2484 haec
610 2428 747 2499 dogmata
770 2427 907 2484 damnent
934 2427 1059 2483 calculis

310 2524 393 2582 Vnde
415 2522 501 2580 facile
525 2523 579 2579 toti
603 2521 667 2578 orbi
689 2523 854 2578 innotescet
876 2521 990 2593 perdite

240 2630 305 2682 [aaa]
342 2619 410 2676 Illos
434 2634 533 2674 omnes
557 2633 665 2685 errare,
690 2617 737 2688 qui
761 2616 951 2686 susceperint,
1002 2659 1004 2664 .

309 2713 350 2770 Et
372 2713 475 2768 merito
500 2728 535 2768 cx
558 2712 682 2767 humano
707 2711 761 2768 eici
785 2710 932 2767 consortio

310 2807 350 2864 Et
373 2807 499 2864 aeternis
523 2806 584 2862 iure
607 2805 778 2876 plectendos
801 2804 924 2876 ignibus.

239 2919 296 2962 3310
310 2901 423 2958 Deinde
446 2900 513 2957 libri
535 2905 595 2956 tam
617 2916 820 2970 perversorum
845 2898 1011 2969 dogmatum

310 2995 407 3052 Sacris
430 2999 552 3051 urantur
575 2992 833 3050 exsecrationibus.

310 3089 402 3146 Pecus
426 3088 540 3144 suillum
563 3089 707 3160 grunniat,
731 3088 839 3143 latrent
862 3103 957 3153 canes,

313 3182 465 3240 Obrudant
488 3183 597 3253 onagri,
622 3183 652 3238 in
675 3181 785 3239 caelum
808 3181 938 3252 mugiant
959 3179 1058 3247 boves,

310 3276 446 3334 Scribant
467 3277 557 3334 libros
581 3276 730 3347 sophistae
753 3275 836 3331 valde
860 3274 950 3342 blitei‚

240 3388 297 3430 3313
312 3371 403 3440 Hirci,
428 3371 534 3443 anguli,
558 3370 708 3427 mustellae
731 3375 817 3441 atque
842 3369 986 3425 coclearia

311 3466 338 3522 A
360 3466 444 3522 nobis
468 3464 621 3536 magnifica
644 3469 795 3535 sperantes
818 3463 962 3534 praemia!

310 3559 357 3617 Sic
381 3560 521 3617 haeretici
545 3560 744 3630 opprimentur
766 3557 957 3624 multitudine,

309 3655 349 3712 Et
373 3673 404 3712 os
428 3655 473 3711 vel
496 3655 593 3710 invitis
616 3653 701 3710 facilc
726 3652 918 3709 obturabitur.
