2824 4188
250 341 266 396 [l

290 527 360 583 tiam
375 526 456 584 verbi
478 528 524 584 vel
546 527 671 598 pervim
688 531 831 598 coguntur
846 527 941 583 adhuc
957 528 1109 585 sustinere.
1126 528 1220 586 Nobis

289 626 386 678 autern
402 639 466 678 oum
490 622 629 678 extantia
646 621 775 678 tenebris
792 627 821 678 et
837 620 1005 678 carnificina
1022 639 1176 693 corporum
1192 628 1221 680 et

255 726 314 778 Aah]
327 715 489 774 animorum
511 733 587 772 nunc
609 709 759 796 belneficio
776 721 933 773 renovatae
957 717 1108 774 doctrinae
1132 717 1221 775 eccle-

289 810 424 866 siasticae
447 810 535 866 simus
556 810 754 881 aliquomodo
778 809 894 867 liberati
918 811 1011 882 sitque
1027 811 1111 868 nobis
1135 829 1220 868 verus

258 910 273 962 's
288 904 441 960 ministerii
454 922 522 960 usus
534 905 640 961 iterum
651 905 804 960 restitutus
818 905 1010 961 alienissimus
1023 922 1040 962 a
1051 905 1220 977 pontificum

288 998 451 1069 tyrannide,
477 999 611 1055 existimo
636 998 753 1056 assidue
771 1015 868 1056 coram
885 1000 939 1056 deo
957 1000 1084 1070 agendas
1101 1001 1220 1072 gratias

289 1093 443 1163 Inprimis
467 1110 535 1150 vero
559 1094 690 1165 gratulor
712 1093 835 1164 Angliae
858 1099 986 1162 vestrae,
1012 1111 1084 1165 quae
1108 1095 1220 1166 sapien-

287 1187 393 1243 tissimi
419 1188 496 1258 regis
521 1189 617 1244 studio
642 1205 676 1244 ac
698 1188 808 1260 pietate
832 1205 906 1244 nunc
923 1189 1011 1244 etiam
1027 1206 1044 1244 a
1060 1189 1111 1245 tali
1126 1194 1218 1260 peste,

287 1298 359 1353 quae
373 1283 525 1354 occupavit
537 1287 630 1339 totum
641 1299 734 1354 paene
752 1282 948 1339 Christianum
964 1282 1072 1352 orbem,
1091 1284 1221 1355 cooperit

245 1393 272 1434 1o
287 1376 414 1446 purgari.
444 1376 487 1433 Ac
510 1377 666 1448 praecipue
693 1377 724 1432 in
751 1377 806 1434 hoc
833 1382 962 1434 merctur
987 1377 1153 1448 praedicari
1176 1395 1220 1434 sa-

288 1471 399 1541 pientia
422 1471 601 1528 serenissimi
624 1471 710 1543 regis,
735 1471 785 1543 qui
806 1489 877 1543 prae
893 1471 1011 1543 reliquis
1032 1470 1220 1528 finitimarum

289 1565 439 1621 nationum
465 1564 644 1637 principibus
679 1583 713 1623 ac
746 1566 863 1638 regibus
891 1583 952 1622 rem
980 1567 1054 1623 tanti
1081 1567 1220 1624 momenti

289 1659 528 1716 animadverterit
551 1665 580 1717 et
603 1661 788 1718 constituerit
811 1678 869 1718 non
892 1661 1000 1717 diutius
1023 1659 1100 1718 ferre
1123 1662 1154 1717 in
1177 1662 1221 1717 sui

288 1753 370 1825 regni
385 1753 490 1811 finibus
513 1755 727 1812 intolerabilem
743 1755 830 1812 istam
845 1754 1015 1826 pontificum
1037 1757 1221 1827 tyrannidem

246 1867 274 1907 15
290 1849 351 1905 sine
378 1849 465 1906 modo
493 1854 675 1920 grassantem
711 1854 741 1906 et
763 1850 860 1905 cancri
894 1866 973 1906 more
1003 1850 1139 1906 eeclesias
1164 1851 1220 1906 iam

288 1944 394 2000 multos
428 1961 519 2000 annos
555 1943 769 2014 depascentem.
807 1943 870 2000 Neo
904 1943 1022 2000 dubium
1056 1948 1101 2000 est
1135 1945 1220 2001 deum

290 2036 457 2094 adfuturum
479 2039 535 2109 piis
560 2038 687 2094 consiliis
714 2038 804 2109 regie,
841 2055 924 2110 quem
951 2039 1081 2096 videmus
1110 2056 1221 2095 summa

286 2132 313 2186 vi
336 2132 419 2189 inid
441 2132 617 2201 incumbere,
642 2137 674 2188 ut
696 2150 816 2203 regnum
833 2150 915 2189 suum
938 2133 1044 2190 reddat
1067 2150 1131 2189 cum
1155 2134 1219 2189 aliis

289 2225 373 2282 bonis
397 2225 484 2282 rebus
509 2226 733 2294 ornatissimum,
758 2227 894 2282 videlicet
917 2227 1032 2294 litteris
1056 2227 1168 2296 legibus
1193 2232 1222 2282 et

246 2339 274 2380 ao
291 2321 354 2377 aliis
377 2321 504 2391 politicis
533 2320 778 2388 ordinationibus,
815 2325 876 2375 tum
910 2337 978 2376 vero
1005 2321 1130 2376 maxime
1157 2320 1222 2376 reli-

288 2416 383 2487 gione,
410 2432 482 2486 quae
506 2415 629 2471 salutem
653 2420 683 2471 et
704 2431 806 2486 pacem
829 2415 932 2470 animis
957 2414 1079 2471 solidam
1102 2430 1136 2470 ac
1158 2431 1222 2485 per-

289 2515 407 2581 petuam
434 2510 512 2580 parit
540 2514 569 2566 et
595 2509 723 2580 pertinet
751 2509 789 2565 ad
816 2509 938 2580 gloriam
973 2513 1002 2564 et
1035 2524 1141 2564 nomen
1175 2508 1222 2565 dci

290 2605 414 2661 maxime
438 2603 659 2660 inlustrandum.
688 2603 789 2675 Neque
818 2619 901 2672 vero,
928 2603 1111 2659 ornatissime
1140 2620 1223 2674 prae-

291 2699 343 2768 sul,
367 2715 470 2770 parum
493 2698 547 2755 tibi
570 2698 690 2755 debebit
713 2698 818 2769 Anglia
840 2703 946 2766 vestra,
976 2698 1032 2769 qui,
1061 2703 1094 2753 ut
1117 2699 1221 2769 accipi·

245 2811 273 2854 25
288 2811 360 2862 mus,
385 2793 462 2850 nullo
480 2793 585 2861 studia
612 2793 732 2849 oonsilio
749 2797 834 2864 atque
859 2809 949 2863 opera
971 2809 1067 2848 cessas
1090 2797 1151 2848 tam
1173 2793 1222 2864 pia

291 2893 320 2944 et
353 2888 494 2944 salutaria
527 2887 604 2957 regis
641 2887 762 2943 consilia
797 2885 969 2943 confirmare
1004 2892 1033 2944 et
1067 2887 1219 2956 adiuvare,

208 3052 209 3056 Ἰ
290 2999 363 3055 quae
396 2999 460 3038 cum
493 2982 531 3039 ad
565 2982 688 3038 salutem
720 2981 861 3038 eeclesiae
894 2986 923 3037 et
955 2981 1124 3052 religionem
1156 2999 1221 3052 pro·

287 3077 449 3134 vehendam
481 3076 659 3147 pertineant,
689 3080 731 3144 te,
761 3075 793 3132 id
827 3079 871 3132 est
906 3075 1042 3147 episcopo
1079 3076 1221 3148 singulari

247 3182 313 3235 [Aba]
338 3165 456 3250 piletate
481 3175 509 3226 et
533 3170 667 3226 doctrina
682 3170 826 3241 praedito,
851 3170 975 3227 maxime
997 3171 1115 3242 dignum
1136 3169 1219 3226 facis

247 3284 275 3326 30
292 3264 363 3321 Cum
391 3269 488 3322 autem
516 3265 705 3321 indicaverim
731 3265 886 3335 plurimum
919 3263 1029 3322 refene
1058 3265 1146 3321 etiam
1171 3281 1222 3335 pu·

290 3359 379 3427 blice,
408 3364 440 3414 ut
467 3359 556 3415 animi
582 3376 599 3415 a
626 3359 724 3430 pueris
752 3358 919 3415 imbuantur
946 3359 1006 3416 acri
1033 3359 1101 3416 odio
1125 3364 1221 3429 tyran·

289 3454 377 3522 niella,
414 3453 494 3509 cuius
523 3453 603 3509 modi
630 3453 688 3509 iam
716 3470 806 3510 avrrros
840 3454 903 3524 plus
933 3471 1018 3525 quam
1049 3451 1145 3509 CCCC
1174 3470 1222 3510 ex-

291 3552 445 3604 ercuerunt
475 3545 641 3619 pontifices
673 3548 823 3618 composui
850 3548 991 3619 tragicam
1017 3546 1158 3614 fabulam,
1194 3547 1224 3603 in

290 3660 345 3714 qua
368 3647 486 3699 tenerae
515 3643 605 3698 aetati
634 3643 696 3698 cius
724 3642 850 3713 aliquam
877 3643 1031 3713 imaginem
1059 3641 1221 3713 exprimere

248 3754 326 3796 asae
358 3737 514 3810 depingere
548 3742 701 3808 utcumque
737 3741 857 3793 conatus
892 3754 963 3792 sum.
1014 3735 1115 3806 Neque
1147 3735 1224 3792 enim
