2824 4196
263 270 302 329 86
462 284 676 344 unooaoaova
698 287 903 331 rauuacmvs
929 275 982 346 ΙΙΙ,
1011 278 1036 332 1.

332 459 373 516 Et
395 461 473 517 omni
496 461 605 532 spolier
628 461 769 533 dignitate
792 463 934 534 proditus,

333 554 392 610 Alii
414 561 537 628 regnent
558 573 612 626 pro
635 573 689 626 me,
715 573 768 627 ego
791 557 896 614 misere
920 573 1003 629 agam
1026 558 1055 614 in
1083 553 1220 614 earcere?

681 668 819 724 Nestor.

263 777 319 819 1875
334 760 450 817 Verum.
476 761 533 818 Sed
556 777 660 833 magna
684 767 728 818 est
750 778 909 833 pauperum
932 763 1077 834 superbia,

334 853 406 911 Cum
428 873 512 927 reges
535 856 661 912 viderint
684 873 768 913 orare
792 857 944 928 supplices.

337 947 527 1008 Conditiones
550 951 631 1022 pacis
655 951 785 1008 scribunt
808 951 986 1020 durissimas

335 1043 412 1114 Quas
436 1063 520 1117 quam
543 1051 575 1102 ut
596 1045 674 1102 feras
698 1045 788 1102 satius
813 1046 850 1101 sit
872 1045 1001 1103 interire.

665 1156 833 1213 Iulianus.

1032 1249 1062 1306 Si

337 1343 410 1415 Ego,
435 1350 573 1416 quantum
595 1347 653 1402 iam
677 1347 838 1403 Romanam
860 1345 998 1415 intellego
1021 1345 1191 1415 practicam,

265 1455 321 1497 1aso
336 1438 402 1496 Non
425 1439 527 1508 tulero,
552 1440 625 1497 alius
648 1458 701 1512 pro
724 1457 778 1510 me,
803 1441 920 1508 Nestor,
944 1437 1020 1495 feret
1041 1438 1143 1496 libens.

336 1532 496 1590 Dimidium
519 1551 572 1606 ego
596 1553 681 1607 quam
704 1541 798 1592 totum
820 1535 896 1591 malo
919 1533 1051 1604 perdere.

336 1627 394 1684 Res
418 1628 491 1685 istae
514 1647 572 1686 non
594 1629 690 1687 furunt
713 1630 805 1698 aliter,
830 1647 883 1686 neo
906 1628 966 1685 scio
990 1627 1068 1685 aliud

337 1723 480 1780 Praesens
505 1725 665 1794 eonsilium,
689 1725 806 1792 Nestor,
832 1723 909 1795 quod
932 1723 1018 1780 rebus
1042 1722 1114 1780 meis

338 1817 453 1876 Mederi
476 1821 578 1891 possit.
604 1819 680 1888 Quid
704 1816 824 1876 censes?

684 1931 822 1987 Nestor.

834 2033 916 2090 Haec
939 2037 970 2088 tu
993 2030 1108 2103 quidem

268 2145 323 2186 1885
340 2127 503 2185 Prudenter
526 2129 646 2200 cogitas
671 2128 729 2185 Sed
753 2145 806 2198 ego
830 2144 941 2193 vereor,
965 2125 1065 2182 uthis

341 2223 462 2280 Manere
485 2224 563 2280 avita
586 2224 700 2294 imperii
723 2223 817 2293 possit
841 2222 975 2294 dignitas.

670 2334 839 2390 Iulianus.

341 2427 371 2485 Si
395 2428 463 2500 quid
486 2429 563 2500 perit
586 2429 717 2500 imperio,
741 2428 859 2495 Nestor,
884 2427 955 2483 satis
980 2425 1060 2482 vides

340 2523 389 2580 Me
412 2524 528 2582 nolente
551 2522 615 2581 fieri
639 2527 668 2580 et
690 2522 814 2594 impulsu
837 2522 1010 2593 principum,

340 2617 395 2687 Qui
419 2636 464 2676 me
487 2637 533 2676 res
556 2619 671 2690 imperii
693 2622 822 2674 tuentem
846 2616 976 2673 exercitu

270 2721 347 2774 [Gssu]
372 2713 405 2769 In
429 2713 572 2771 diversam
596 2717 703 2784 cogunt
727 2711 830 2769 cedere
855 2709 1037 2767 sententiam.

688 2816 828 2871 Nestor.

341 2911 448 2967 Verum
472 2915 524 2967 est.
549 2909 621 2978 Vah,
647 2909 833 2966 Pammachio
856 2905 1023 2963 malefaciat
1046 2903 1127 2974 deus,

343 3005 398 3074 Qui
423 3006 533 3062 caelum
556 3009 652 3060 terrae
676 3005 779 3060 miscet
802 3007 831 3059 et
855 3001 935 3057 caelo
962 3015 1040 3056 mare

341 3101 382 3158 Et
404 3101 434 3156 in
456 3100 511 3156 hoe
533 3099 696 3170 prorumpit
718 3113 808 3168 usque
830 3095 948 3151 tandem
972 3091 1121 3158 audaciae,

344 3195 383 3251 Vt
406 3211 504 3251 omnes
528 3199 613 3250 vexet
636 3210 719 3264 roges
744 3196 830 3261 atque
852 3189 999 3261 principes

275 3309 330 3350 1aos
346 3289 386 3346 Et
409 3289 532 3345 dominis
556 3286 711 3358 prohibeat
733 3301 836 3356 parere
861 3282 1002 3339 subditos.

676 3387 846 3444 Iulianus.

346 3487 442 3544 Istaec
467 3485 542 3553 olim,
567 3484 685 3552 Nestor,
710 3497 791 3538 suam
813 3477 962 3535 invenient
984 3477 1069 3534 viam.

348 3583 397 3639 Me
422 3585 500 3637 certe
524 3578 645 3650 insignis
669 3577 787 3633 horsum
813 3573 904 3644 adigit
927 3572 1097 3636 necessitas,

348 3677 428 3746 Quae
453 3690 567 3745 semper
591 3671 701 3728 cunetis
724 3670 849 3739 imporat
872 3665 1052 3732 mortalibus,
