<?xml version="1.0" encoding="UTF-8"?>
<!DOCTYPE html PUBLIC "-//W3C//DTD XHTML 1.0 Transitional//EN"
    "http://www.w3.org/TR/xhtml1/DTD/xhtml1-transitional.dtd">
<html xmlns="http://www.w3.org/1999/xhtml" xml:lang="en" lang="en">
 <head>
  <title>
</title>
<meta http-equiv="Content-Type" content="text/html;charset=utf-8" />
  <meta name='ocr-system' content='tesseract 3.04.00' />
  <meta name='ocr-capabilities' content='ocr_page ocr_carea ocr_par ocr_line ocrx_word'/>
</head>
<body>
  <div class='ocr_page' id='page_1' title='image "./pammachius00boltgoog_0056.png"; bbox 0 0 2824 4188; ppageno 0'>
   <div class='ocr_carea' id='block_1_1' title="bbox 258 221 1012 291">
    <p class='ocr_par' dir='ltr' id='par_1_1' title="bbox 258 221 1012 291">
     <span class='ocr_line' id='line_1_1' title="bbox 258 221 1012 291; baseline 0.003 -13"><span class='ocrx_word' id='word_1_1' title='bbox 258 221 299 278; x_wconf 76' lang='lat'>20</span> <span class='ocrx_word' id='word_1_2' title='bbox 468 231 683 290; x_wconf 76' lang='lat' dir='ltr'>uaoouoaovS,</span> <span class='ocrx_word' id='word_1_3' title='bbox 705 233 913 279; x_wconf 78' lang='lat' dir='ltr'>Pauuacurvs.</span> <span class='ocrx_word' id='word_1_4' title='bbox 936 223 958 291; x_wconf 88' lang='grc' dir='ltr'>Ι,</span> <span class='ocrx_word' id='word_1_5' title='bbox 988 226 1012 280; x_wconf 89' lang='lat'>1.</span> 
     </span>
    </p>
   </div>
   <div class='ocr_carea' id='block_1_2' title="bbox 260 408 1230 2275">
    <p class='ocr_par' dir='ltr' id='par_1_2' title="bbox 315 408 1230 575">
     <span class='ocr_line' id='line_1_2' title="bbox 315 408 1230 485; baseline 0.005 -19"><span class='ocrx_word' id='word_1_6' title='bbox 315 409 380 467; x_wconf 90' lang='lat' dir='ltr'>Hoc</span> <span class='ocrx_word' id='word_1_7' title='bbox 395 412 507 466; x_wconf 87' lang='lat' dir='ltr'>tanturn</span> <span class='ocrx_word' id='word_1_8' title='bbox 523 409 631 479; x_wconf 78' lang='lat' dir='ltr'>accipe,</span> <span class='ocrx_word' id='word_1_9' title='bbox 650 408 830 480; x_wconf 89' lang='lat' dir='ltr'>quodetiam</span> <span class='ocrx_word' id='word_1_10' title='bbox 851 426 868 466; x_wconf 93' lang='lat' dir='ltr'>a</span> <span class='ocrx_word' id='word_1_11' title='bbox 888 426 933 466; x_wconf 89' lang='lat' dir='ltr'>1ne</span> <span class='ocrx_word' id='word_1_12' title='bbox 952 411 1060 468; x_wconf 85' lang='lat' dir='ltr'>dictum</span> <span class='ocrx_word' id='word_1_13' title='bbox 1077 417 1121 469; x_wconf 90' lang='lat' dir='ltr'>est</span> <span class='ocrx_word' id='word_1_14' title='bbox 1136 413 1230 485; x_wconf 89' lang='lat' dir='ltr'>prius:</span> 
     </span>
     <span class='ocr_line' id='line_1_3' title="bbox 315 503 948 575; baseline 0 -15"><span class='ocrx_word' id='word_1_15' title='bbox 315 503 442 575; x_wconf 80' lang='lat' dir='ltr'>Propter</span> <span class='ocrx_word' id='word_1_16' title='bbox 462 504 555 560; x_wconf 91' lang='lat' dir='ltr'>iustos</span> <span class='ocrx_word' id='word_1_17' title='bbox 578 503 619 560; x_wconf 92' lang='lat' dir='ltr'>illi</span> <span class='ocrx_word' id='word_1_18' title='bbox 641 503 851 560; x_wconf 83' lang='lat' dir='ltr'>breviabuntur</span> <span class='ocrx_word' id='word_1_19' title='bbox 877 504 948 575; x_wconf 90' lang='lat' dir='ltr'>dies,</span> 
     </span>
    </p>

    <p class='ocr_par' dir='ltr' id='par_1_3' title="bbox 261 597 1001 1048">
     <span class='ocr_line' id='line_1_4' title="bbox 261 597 967 670; baseline -0.004 -12"><span class='ocrx_word' id='word_1_20' title='bbox 261 616 304 658; x_wconf 84' lang='lat' dir='ltr'>aro</span> <span class='ocrx_word' id='word_1_21' title='bbox 319 597 436 670; x_wconf 90' lang='lat' dir='ltr'>Meique</span> <span class='ocrx_word' id='word_1_22' title='bbox 459 615 559 654; x_wconf 90' lang='lat' dir='ltr'>rursus</span> <span class='ocrx_word' id='word_1_23' title='bbox 584 601 697 654; x_wconf 83' lang='lat' dir='ltr'>crescet</span> <span class='ocrx_word' id='word_1_24' title='bbox 718 597 812 668; x_wconf 85' lang='lat' dir='ltr'>gloria</span> <span class='ocrx_word' id='word_1_25' title='bbox 833 599 967 668; x_wconf 87' lang='lat' dir='ltr'>nominis,</span> 
     </span>
     <span class='ocr_line' id='line_1_5' title="bbox 316 691 976 764; baseline 0 -15"><span class='ocrx_word' id='word_1_26' title='bbox 316 692 356 749; x_wconf 86' lang='lat' dir='ltr'>Et</span> <span class='ocrx_word' id='word_1_27' title='bbox 378 691 485 764; x_wconf 87' lang='lat' dir='ltr'>ubique</span> <span class='ocrx_word' id='word_1_28' title='bbox 507 692 589 764; x_wconf 90' lang='lat' dir='ltr'>regni</span> <span class='ocrx_word' id='word_1_29' title='bbox 613 693 792 764; x_wconf 89' lang='lat' dir='ltr'>evangelium</span> <span class='ocrx_word' id='word_1_30' title='bbox 816 692 976 762; x_wconf 84' lang='lat' dir='ltr'>docebitur,</span> 
     </span>
     <span class='ocr_line' id='line_1_6' title="bbox 318 785 1001 859; baseline 0.003 -17"><span class='ocrx_word' id='word_1_31' title='bbox 318 786 356 843; x_wconf 88' lang='lat' dir='ltr'>Vt</span> <span class='ocrx_word' id='word_1_32' title='bbox 378 787 424 843; x_wconf 93' lang='lat' dir='ltr'>vel</span> <span class='ocrx_word' id='word_1_33' title='bbox 446 787 534 858; x_wconf 87' lang='lat' dir='ltr'>pauci</span> <span class='ocrx_word' id='word_1_34' title='bbox 556 804 574 844; x_wconf 93' lang='lat' dir='ltr'>a</span> <span class='ocrx_word' id='word_1_35' title='bbox 597 785 714 843; x_wconf 92' lang='lat' dir='ltr'>diabolo</span> <span class='ocrx_word' id='word_1_36' title='bbox 737 787 890 844; x_wconf 89' lang='lat' dir='ltr'>retrahant</span> <span class='ocrx_word' id='word_1_37' title='bbox 911 787 1001 859; x_wconf 90' lang='lat' dir='ltr'>pedes</span> 
     </span>
     <span class='ocr_line' id='line_1_7' title="bbox 317 881 883 938; baseline 0 0"><span class='ocrx_word' id='word_1_38' title='bbox 317 881 357 938; x_wconf 91' lang='lat' dir='ltr'>Et</span> <span class='ocrx_word' id='word_1_39' title='bbox 380 881 535 938; x_wconf 89' lang='lat' dir='ltr'>obstinatis</span> <span class='ocrx_word' id='word_1_40' title='bbox 559 885 655 938; x_wconf 86' lang='lat' dir='ltr'>exstet</span> <span class='ocrx_word' id='word_1_41' title='bbox 677 881 883 938; x_wconf 88' lang='lat' dir='ltr'>testimonium.</span> 
     </span>
     <span class='ocr_line' id='line_1_8' title="bbox 319 975 956 1048; baseline 0 -16"><span class='ocrx_word' id='word_1_42' title='bbox 319 975 455 1032; x_wconf 85' lang='lat' dir='ltr'>Adventu</span> <span class='ocrx_word' id='word_1_43' title='bbox 478 975 583 1033; x_wconf 90' lang='lat' dir='ltr'>deinde</span> <span class='ocrx_word' id='word_1_44' title='bbox 606 992 671 1032; x_wconf 89' lang='lat' dir='ltr'>meo</span> <span class='ocrx_word' id='word_1_45' title='bbox 694 975 854 1048; x_wconf 87' lang='lat' dir='ltr'>perdentur</span> <span class='ocrx_word' id='word_1_46' title='bbox 876 977 956 1048; x_wconf 92' lang='lat' dir='ltr'>impii</span> 
     </span>
    </p>

    <p class='ocr_par' dir='ltr' id='par_1_4' title="bbox 260 1070 1071 1520">
     <span class='ocr_line' id='line_1_9' title="bbox 260 1070 965 1143; baseline -0.006 -13"><span class='ocrx_word' id='word_1_47' title='bbox 260 1088 304 1130; x_wconf 79' lang='lat' dir='ltr'>ars</span> <span class='ocrx_word' id='word_1_48' title='bbox 319 1070 490 1143; x_wconf 76' lang='lat' dir='ltr'>Poenaeque</span> <span class='ocrx_word' id='word_1_49' title='bbox 513 1070 675 1142; x_wconf 90' lang='lat' dir='ltr'>iniquitatis</span> <span class='ocrx_word' id='word_1_50' title='bbox 697 1075 854 1142; x_wconf 89' lang='lat' dir='ltr'>perpetuas</span> <span class='ocrx_word' id='word_1_51' title='bbox 877 1071 965 1128; x_wconf 91' lang='lat' dir='ltr'>luent.</span> 
     </span>
     <span class='ocr_line' id='line_1_10' title="bbox 318 1163 1071 1237; baseline 0.004 -16"><span class='ocrx_word' id='word_1_52' title='bbox 318 1164 435 1222; x_wconf 88' lang='lat' dir='ltr'>Interea</span> <span class='ocrx_word' id='word_1_53' title='bbox 457 1170 560 1237; x_wconf 85' lang='lat' dir='ltr'>regnet</span> <span class='ocrx_word' id='word_1_54' title='bbox 583 1163 706 1222; x_wconf 90' lang='lat' dir='ltr'>Satanas</span> <span class='ocrx_word' id='word_1_55' title='bbox 730 1183 795 1221; x_wconf 89' lang='lat' dir='ltr'>curn</span> <span class='ocrx_word' id='word_1_56' title='bbox 818 1165 891 1222; x_wconf 89' lang='lat' dir='ltr'>suis:</span> <span class='ocrx_word' id='word_1_57' title='bbox 916 1166 1017 1235; x_wconf 89' lang='lat' dir='ltr'>sinam,</span> <span class='ocrx_word' id='word_1_58' title='bbox 1042 1171 1071 1224; x_wconf 90' lang='lat' dir='ltr'>et</span> 
     </span>
     <span class='ocr_line' id='line_1_11' title="bbox 320 1258 1068 1333; baseline 0.003 -17"><span class='ocrx_word' id='word_1_59' title='bbox 320 1258 413 1331; x_wconf 86' lang='lat' dir='ltr'>Super</span> <span class='ocrx_word' id='word_1_60' title='bbox 436 1276 520 1317; x_wconf 88' lang='lat' dir='ltr'>ornne</span> <span class='ocrx_word' id='word_1_61' title='bbox 544 1259 728 1328; x_wconf 85' lang='lat' dir='ltr'>extollantur,</span> <span class='ocrx_word' id='word_1_62' title='bbox 753 1259 831 1330; x_wconf 93' lang='lat' dir='ltr'>quod</span> <span class='ocrx_word' id='word_1_63' title='bbox 853 1259 961 1316; x_wconf 92' lang='lat' dir='ltr'>dicitur</span> <span class='ocrx_word' id='word_1_64' title='bbox 983 1260 1068 1333; x_wconf 88' lang='lat' dir='ltr'>deus;</span> 
     </span>
     <span class='ocr_line' id='line_1_12' title="bbox 319 1351 978 1426; baseline 0.002 -16"><span class='ocrx_word' id='word_1_65' title='bbox 319 1353 493 1411; x_wconf 90' lang='lat' dir='ltr'>Praevaleat</span> <span class='ocrx_word' id='word_1_66' title='bbox 515 1354 661 1426; x_wconf 70' lang='lat' dir='ltr'>iniquitas</span> <span class='ocrx_word' id='word_1_67' title='bbox 689 1354 815 1411; x_wconf 86' lang='lat' dir='ltr'>intereat</span> <span class='ocrx_word' id='word_1_68' title='bbox 837 1351 978 1426; x_wconf 77' lang='lat' dir='ltr'>aequitas</span> 
     </span>
     <span class='ocr_line' id='line_1_13' title="bbox 320 1447 960 1520; baseline 0.003 -16"><span class='ocrx_word' id='word_1_69' title='bbox 320 1448 407 1506; x_wconf 89' lang='lat' dir='ltr'>Nulla</span> <span class='ocrx_word' id='word_1_70' title='bbox 429 1447 499 1506; x_wconf 90' lang='lat' dir='ltr'>fidei</span> <span class='ocrx_word' id='word_1_71' title='bbox 523 1449 562 1505; x_wconf 91' lang='lat' dir='ltr'>sit</span> <span class='ocrx_word' id='word_1_72' title='bbox 584 1449 674 1520; x_wconf 72' lang='lat' dir='ltr'>ratio,</span> <span class='ocrx_word' id='word_1_73' title='bbox 699 1465 770 1504; x_wconf 87' lang='lat' dir='ltr'>sana</span> <span class='ocrx_word' id='word_1_74' title='bbox 793 1448 841 1520; x_wconf 87' lang='lat' dir='ltr'>qui</span> <span class='ocrx_word' id='word_1_75' title='bbox 864 1448 960 1518; x_wconf 88' lang='lat' dir='ltr'>docet,</span> 
     </span>
    </p>

    <p class='ocr_par' dir='ltr' id='par_1_5' title="bbox 261 1542 1091 1990">
     <span class='ocr_line' id='line_1_14' title="bbox 261 1542 877 1614; baseline -0.006 -12"><span class='ocrx_word' id='word_1_76' title='bbox 261 1561 304 1602; x_wconf 77' lang='lat' dir='ltr'>aaa</span> <span class='ocrx_word' id='word_1_77' title='bbox 319 1543 428 1614; x_wconf 89' lang='lat' dir='ltr'>Magna</span> <span class='ocrx_word' id='word_1_78' title='bbox 450 1542 662 1614; x_wconf 88' lang='lat' dir='ltr'>approbatione</span> <span class='ocrx_word' id='word_1_79' title='bbox 684 1542 877 1599; x_wconf 89' lang='lat' dir='ltr'>multitudinis</span> 
     </span>
     <span class='ocr_line' id='line_1_15' title="bbox 319 1636 948 1708; baseline 0 -16"><span class='ocrx_word' id='word_1_80' title='bbox 319 1636 523 1706; x_wconf 90' lang='lat' dir='ltr'>Interficiatur,</span> <span class='ocrx_word' id='word_1_81' title='bbox 548 1641 581 1693; x_wconf 94' lang='lat' dir='ltr'>ut</span> <span class='ocrx_word' id='word_1_82' title='bbox 603 1637 676 1694; x_wconf 91' lang='lat' dir='ltr'>recti</span> <span class='ocrx_word' id='word_1_83' title='bbox 697 1654 733 1693; x_wconf 90' lang='lat' dir='ltr'>ne</span> <span class='ocrx_word' id='word_1_84' title='bbox 756 1653 810 1708; x_wconf 85' lang='lat' dir='ltr'>gry</span> <span class='ocrx_word' id='word_1_85' title='bbox 833 1636 948 1708; x_wconf 86' lang='lat' dir='ltr'>quidem</span> 
     </span>
     <span class='ocr_line' id='line_1_16' title="bbox 321 1730 993 1803; baseline -0.003 -15"><span class='ocrx_word' id='word_1_86' title='bbox 321 1731 461 1803; x_wconf 84' lang='lat' dir='ltr'>Supersit,</span> <span class='ocrx_word' id='word_1_87' title='bbox 485 1730 588 1799; x_wconf 81' lang='grc'><strong>133303,</strong></span> <span class='ocrx_word' id='word_1_88' title='bbox 611 1730 704 1799; x_wconf 84' lang='lat' dir='ltr'>luxus,</span> <span class='ocrx_word' id='word_1_89' title='bbox 729 1731 834 1788; x_wconf 89' lang='lat' dir='ltr'>mentis</span> <span class='ocrx_word' id='word_1_90' title='bbox 858 1731 993 1798; x_wconf 81' lang='grc'><strong>00001333,</strong></span> 
     </span>
     <span class='ocr_line' id='line_1_17' title="bbox 320 1823 1009 1896; baseline 0 -15"><span class='ocrx_word' id='word_1_91' title='bbox 320 1825 480 1894; x_wconf 85' lang='lat' dir='ltr'>Tenebrae,</span> <span class='ocrx_word' id='word_1_92' title='bbox 505 1825 629 1883; x_wconf 89' lang='lat' dir='ltr'>avaritia</span> <span class='ocrx_word' id='word_1_93' title='bbox 651 1829 774 1896; x_wconf 84' lang='lat' dir='ltr'>regnent</span> <span class='ocrx_word' id='word_1_94' title='bbox 796 1828 825 1880; x_wconf 90' lang='lat' dir='ltr'>et</span> <span class='ocrx_word' id='word_1_95' title='bbox 848 1823 1009 1896; x_wconf 88' lang='lat' dir='ltr'>discordia;</span> 
     </span>
     <span class='ocr_line' id='line_1_18' title="bbox 321 1918 1091 1990; baseline -0.001 -14"><span class='ocrx_word' id='word_1_96' title='bbox 321 1920 466 1978; x_wconf 87' lang='lat' dir='ltr'>Doctores</span> <span class='ocrx_word' id='word_1_97' title='bbox 489 1925 601 1977; x_wconf 84' lang='lat' dir='ltr'>tantum</span> <span class='ocrx_word' id='word_1_98' title='bbox 624 1918 750 1988; x_wconf 89' lang='lat' dir='ltr'>videant,</span> <span class='ocrx_word' id='word_1_99' title='bbox 776 1918 845 1990; x_wconf 86' lang='lat' dir='ltr'>quid</span> <span class='ocrx_word' id='word_1_100' title='bbox 866 1918 990 1989; x_wconf 93' lang='lat' dir='ltr'>populus</span> <span class='ocrx_word' id='word_1_101' title='bbox 1013 1919 1091 1988; x_wconf 89' lang='lat' dir='ltr'>velit,</span> 
     </span>
    </p>

    <p class='ocr_par' dir='ltr' id='par_1_6' title="bbox 263 2012 1163 2275">
     <span class='ocr_line' id='line_1_19' title="bbox 263 2012 1163 2088; baseline -0.002 -14"><span class='ocrx_word' id='word_1_102' title='bbox 263 2033 305 2075; x_wconf 78' lang='lat'>325</span> <span class='ocrx_word' id='word_1_103' title='bbox 322 2015 397 2085; x_wconf 78' lang='lat' dir='ltr'>Quid</span> <span class='ocrx_word' id='word_1_104' title='bbox 420 2017 539 2088; x_wconf 90' lang='lat' dir='ltr'>quisque</span> <span class='ocrx_word' id='word_1_105' title='bbox 562 2014 664 2072; x_wconf 90' lang='lat' dir='ltr'>audire</span> <span class='ocrx_word' id='word_1_106' title='bbox 686 2013 814 2086; x_wconf 86' lang='lat' dir='ltr'>gaudeat</span> <span class='ocrx_word' id='word_1_107' title='bbox 835 2012 985 2084; x_wconf 88' lang='lat' dir='ltr'>improbus</span> <span class='ocrx_word' id='word_1_108' title='bbox 1008 2018 1038 2070; x_wconf 89' lang='lat' dir='ltr'>et</span> <span class='ocrx_word' id='word_1_109' title='bbox 1061 2013 1163 2086; x_wconf 86' lang='lat' dir='ltr'>quibus</span> 
     </span>
     <span class='ocr_line' id='line_1_20' title="bbox 322 2108 974 2182; baseline -0.003 -16"><span class='ocrx_word' id='word_1_110' title='bbox 322 2111 475 2182; x_wconf 87' lang='lat' dir='ltr'>Magnates</span> <span class='ocrx_word' id='word_1_111' title='bbox 499 2109 682 2166; x_wconf 88' lang='lat' dir='ltr'>oblectentur</span> <span class='ocrx_word' id='word_1_112' title='bbox 705 2113 791 2180; x_wconf 91' lang='lat' dir='ltr'>atque</span> <span class='ocrx_word' id='word_1_113' title='bbox 813 2108 974 2179; x_wconf 84' lang='lat' dir='ltr'>principes;</span> 
     </span>
     <span class='ocr_line' id='line_1_21' title="bbox 323 2202 965 2275; baseline -0.005 -14"><span class='ocrx_word' id='word_1_114' title='bbox 323 2205 439 2261; x_wconf 88' lang='lat' dir='ltr'>Perrari</span> <span class='ocrx_word' id='word_1_115' title='bbox 463 2204 529 2273; x_wconf 87' lang='lat' dir='ltr'>sint,</span> <span class='ocrx_word' id='word_1_116' title='bbox 556 2202 658 2275; x_wconf 88' lang='lat' dir='ltr'>quibus</span> <span class='ocrx_word' id='word_1_117' title='bbox 683 2202 765 2259; x_wconf 90' lang='lat' dir='ltr'>cordi</span> <span class='ocrx_word' id='word_1_118' title='bbox 787 2202 826 2257; x_wconf 87' lang='lat' dir='ltr'>sit</span> <span class='ocrx_word' id='word_1_119' title='bbox 848 2202 965 2258; x_wconf 86' lang='lat' dir='ltr'>veritas.</span> 
     </span>
    </p>
   </div>
   <div class='ocr_carea' id='block_1_3' title="bbox 216 2305 1124 3604">
    <p class='ocr_par' dir='ltr' id='par_1_7' title="bbox 216 2305 1124 3604">
     <span class='ocr_line' id='line_1_22' title="bbox 681 2305 821 2362; baseline -0.021 0"><span class='ocrx_word' id='word_1_120' title='bbox 681 2305 821 2362; x_wconf 90' lang='lat' dir='ltr'>Paulus.</span> 
     </span>
     <span class='ocr_line' id='line_1_23' title="bbox 322 2397 1023 2473; baseline 0 -15"><span class='ocrx_word' id='word_1_121' title='bbox 322 2403 356 2458; x_wconf 95' lang='lat' dir='ltr'>ln</span> <span class='ocrx_word' id='word_1_122' title='bbox 379 2403 434 2458; x_wconf 88' lang='lat' dir='ltr'>boc</span> <span class='ocrx_word' id='word_1_123' title='bbox 458 2417 526 2473; x_wconf 89' lang='lat' dir='ltr'>ergo</span> <span class='ocrx_word' id='word_1_124' title='bbox 550 2401 691 2457; x_wconf 88' lang='lat' dir='ltr'>malorum</span> <span class='ocrx_word' id='word_1_125' title='bbox 714 2416 794 2456; x_wconf 88' lang='lat' dir='ltr'>mare</span> <span class='ocrx_word' id='word_1_126' title='bbox 818 2397 923 2456; x_wconf 89' lang='lat' dir='ltr'>cadere</span> <span class='ocrx_word' id='word_1_127' title='bbox 946 2399 1023 2458; x_wconf 88' lang='lat' dir='ltr'>sines</span> 
     </span>
     <span class='ocr_line' id='line_1_24' title="bbox 323 2490 862 2566; baseline -0.007 -13"><span class='ocrx_word' id='word_1_128' title='bbox 323 2496 471 2554; x_wconf 80' lang='lat' dir='ltr'>llcolesias</span> <span class='ocrx_word' id='word_1_129' title='bbox 495 2501 603 2566; x_wconf 89' lang='lat' dir='ltr'>tuoque</span> <span class='ocrx_word' id='word_1_130' title='bbox 626 2511 710 2552; x_wconf 89' lang='lat' dir='ltr'>sacra</span> <span class='ocrx_word' id='word_1_131' title='bbox 732 2490 862 2551; x_wconf 84' lang='lat' dir='ltr'>nomini?</span> 
     </span>
     <span class='ocr_line' id='line_1_25' title="bbox 668 2587 843 2646; baseline -0.011 0"><span class='ocrx_word' id='word_1_132' title='bbox 668 2587 843 2646; x_wconf 79' lang='lat' dir='ltr'>Christus.</span> 
     </span>
     <span class='ocr_line' id='line_1_26' title="bbox 267 2682 1124 2756; baseline -0.006 -10"><span class='ocrx_word' id='word_1_133' title='bbox 267 2705 309 2746; x_wconf 88' lang='grc'>330</span> <span class='ocrx_word' id='word_1_134' title='bbox 325 2685 400 2755; x_wconf 78' lang='lat' dir='ltr'>Quid</span> <span class='ocrx_word' id='word_1_135' title='bbox 423 2682 474 2741; x_wconf 83' lang='lat' dir='ltr'>ni?</span> <span class='ocrx_word' id='word_1_136' title='bbox 498 2685 597 2743; x_wconf 89' lang='lat' dir='ltr'>Omnis</span> <span class='ocrx_word' id='word_1_137' title='bbox 621 2684 660 2740; x_wconf 91' lang='lat' dir='ltr'>ad</span> <span class='ocrx_word' id='word_1_138' title='bbox 681 2701 785 2756; x_wconf 89' lang='lat' dir='ltr'>purum</span> <span class='ocrx_word' id='word_1_139' title='bbox 807 2683 863 2741; x_wconf 93' lang='lat' dir='ltr'>hoc</span> <span class='ocrx_word' id='word_1_140' title='bbox 887 2700 983 2740; x_wconf 89' lang='lat' dir='ltr'>rerum</span> <span class='ocrx_word' id='word_1_141' title='bbox 1005 2684 1124 2755; x_wconf 88' lang='lat' dir='ltr'>negotio</span> 
     </span>
     <span class='ocr_line' id='line_1_27' title="bbox 268 2778 1052 2850; baseline 0.001 -17"><span class='ocrx_word' id='word_1_142' title='bbox 268 2791 333 2844; x_wconf 76' lang='lat' dir='ltr'>[ora]</span> <span class='ocrx_word' id='word_1_143' title='bbox 359 2780 536 2838; x_wconf 90' lang='lat' dir='ltr'>Probabitur</span> <span class='ocrx_word' id='word_1_144' title='bbox 559 2780 668 2837; x_wconf 88' lang='lat' dir='ltr'>electus</span> <span class='ocrx_word' id='word_1_145' title='bbox 693 2779 824 2850; x_wconf 87' lang='lat' dir='ltr'>denique.</span> <span class='ocrx_word' id='word_1_146' title='bbox 871 2778 929 2835; x_wconf 85' lang='lat' dir='ltr'>Sed</span> <span class='ocrx_word' id='word_1_147' title='bbox 952 2779 1052 2847; x_wconf 87' lang='lat' dir='ltr'>ceteri,</span> 
     </span>
     <span class='ocr_line' id='line_1_28' title="bbox 324 2872 1013 2946; baseline -0.004 -15"><span class='ocrx_word' id='word_1_148' title='bbox 324 2876 401 2932; x_wconf 88' lang='lat' dir='ltr'>Ante</span> <span class='ocrx_word' id='word_1_149' title='bbox 425 2875 484 2931; x_wconf 90' lang='lat' dir='ltr'>suis</span> <span class='ocrx_word' id='word_1_150' title='bbox 509 2891 594 2946; x_wconf 83' lang='lat' dir='ltr'>quarn</span> <span class='ocrx_word' id='word_1_151' title='bbox 616 2878 781 2930; x_wconf 88' lang='lat' dir='ltr'>mactentur</span> <span class='ocrx_word' id='word_1_152' title='bbox 803 2872 1013 2944; x_wconf 71' lang='lat' dir='ltr'>iniquitatibus</span> 
     </span>
     <span class='ocr_line' id='line_1_29' title="bbox 326 2966 1063 3041; baseline -0.005 -14"><span class='ocrx_word' id='word_1_153' title='bbox 326 2969 529 3041; x_wconf 86' lang='lat' dir='ltr'>Pinguesoent,</span> <span class='ocrx_word' id='word_1_154' title='bbox 555 2974 585 3026; x_wconf 91' lang='lat' dir='ltr'>et</span> <span class='ocrx_word' id='word_1_155' title='bbox 608 2985 705 3025; x_wconf 87' lang='lat' dir='ltr'>rernm</span> <span class='ocrx_word' id='word_1_156' title='bbox 728 2984 864 3024; x_wconf 87' lang='lat' dir='ltr'>numerus</span> <span class='ocrx_word' id='word_1_157' title='bbox 887 2966 1063 3038; x_wconf 89' lang='lat' dir='ltr'>implebitur.</span> 
     </span>
     <span class='ocr_line' id='line_1_30' title="bbox 325 3060 1008 3135; baseline -0.006 -15"><span class='ocrx_word' id='word_1_158' title='bbox 325 3063 383 3121; x_wconf 88' lang='lat' dir='ltr'>Sed</span> <span class='ocrx_word' id='word_1_159' title='bbox 406 3069 446 3132; x_wconf 92' lang='lat' dir='ltr'>tu,</span> <span class='ocrx_word' id='word_1_160' title='bbox 471 3063 581 3135; x_wconf 86' lang='lat' dir='ltr'>angele,</span> <span class='ocrx_word' id='word_1_161' title='bbox 607 3063 734 3133; x_wconf 90' lang='lat' dir='ltr'>acceptis</span> <span class='ocrx_word' id='word_1_162' title='bbox 758 3061 857 3133; x_wconf 93' lang='lat' dir='ltr'>abyssi</span> <span class='ocrx_word' id='word_1_163' title='bbox 880 3060 1008 3118; x_wconf 88' lang='lat' dir='ltr'>clavibus</span> 
     </span>
     <span class='ocr_line' id='line_1_31' title="bbox 267 3155 1094 3229; baseline -0.008 -10"><span class='ocrx_word' id='word_1_164' title='bbox 267 3177 310 3219; x_wconf 83' lang='grc'>333</span> <span class='ocrx_word' id='word_1_165' title='bbox 325 3159 484 3229; x_wconf 83' lang='lat' dir='ltr'>Antiquurn</span> <span class='ocrx_word' id='word_1_166' title='bbox 507 3158 564 3214; x_wconf 89' lang='lat' dir='ltr'>cito</span> <span class='ocrx_word' id='word_1_167' title='bbox 589 3157 683 3213; x_wconf 90' lang='lat' dir='ltr'>solvas</span> <span class='ocrx_word' id='word_1_168' title='bbox 706 3156 821 3213; x_wconf 88' lang='lat' dir='ltr'>hostem</span> <span class='ocrx_word' id='word_1_169' title='bbox 844 3160 874 3212; x_wconf 88' lang='lat' dir='ltr'>et</span> <span class='ocrx_word' id='word_1_170' title='bbox 895 3160 928 3211; x_wconf 94' lang='lat' dir='ltr'>ut</span> <span class='ocrx_word' id='word_1_171' title='bbox 950 3155 991 3211; x_wconf 91' lang='lat' dir='ltr'>illi</span> <span class='ocrx_word' id='word_1_172' title='bbox 1014 3156 1094 3213; x_wconf 91' lang='grc'><strong>10003</strong></span> 
     </span>
     <span class='ocr_line' id='line_1_32' title="bbox 216 3249 966 3323; baseline -0.008 -11"><span class='ocrx_word' id='word_1_173' title='bbox 216 3306 219 3312; x_wconf 81' lang='lat'><strong>.</strong></span> <span class='ocrx_word' id='word_1_174' title='bbox 327 3252 371 3310; x_wconf 89' lang='lat' dir='ltr'>Sit</span> <span class='ocrx_word' id='word_1_175' title='bbox 394 3251 517 3323; x_wconf 90' lang='lat' dir='ltr'>arnplior</span> <span class='ocrx_word' id='word_1_176' title='bbox 538 3249 644 3322; x_wconf 83' lang='lat' dir='ltr'>ubique</span> <span class='ocrx_word' id='word_1_177' title='bbox 667 3251 847 3321; x_wconf 88' lang='lat' dir='ltr'>imperetque</span> <span class='ocrx_word' id='word_1_178' title='bbox 870 3249 966 3319; x_wconf 89' lang='lat' dir='ltr'>latius,</span> 
     </span>
     <span class='ocr_line' id='line_1_33' title="bbox 325 3343 1017 3416; baseline -0.004 -13"><span class='ocrx_word' id='word_1_179' title='bbox 325 3347 380 3404; x_wconf 90' lang='lat' dir='ltr'>Dic</span> <span class='ocrx_word' id='word_1_180' title='bbox 404 3346 538 3414; x_wconf 86' lang='lat' dir='ltr'>Veritati,</span> <span class='ocrx_word' id='word_1_181' title='bbox 563 3349 596 3401; x_wconf 92' lang='grc'>03</span> <span class='ocrx_word' id='word_1_182' title='bbox 618 3361 744 3416; x_wconf 88' lang='lat' dir='ltr'>propero</span> <span class='ocrx_word' id='word_1_183' title='bbox 767 3344 854 3400; x_wconf 90' lang='lat' dir='ltr'>terris</span> <span class='ocrx_word' id='word_1_184' title='bbox 878 3343 964 3400; x_wconf 88' lang='lat' dir='ltr'>abeat</span> <span class='ocrx_word' id='word_1_185' title='bbox 989 3349 1017 3400; x_wconf 88' lang='lat' dir='ltr'>et</span> 
     </span>
     <span class='ocr_line' id='line_1_34' title="bbox 325 3437 945 3511; baseline -0.008 -13"><span class='ocrx_word' id='word_1_186' title='bbox 325 3441 412 3498; x_wconf 90' lang='lat' dir='ltr'>Nulla</span> <span class='ocrx_word' id='word_1_187' title='bbox 434 3440 510 3497; x_wconf 89' lang='lat' dir='ltr'>illius</span> <span class='ocrx_word' id='word_1_188' title='bbox 534 3456 654 3511; x_wconf 87' lang='lat' dir='ltr'>rognum</span> <span class='ocrx_word' id='word_1_189' title='bbox 676 3437 775 3495; x_wconf 88' lang='lat' dir='ltr'>turbet</span> <span class='ocrx_word' id='word_1_190' title='bbox 798 3437 945 3495; x_wconf 83' lang='lat' dir='ltr'>molestia!</span> 
     </span>
     <span class='ocr_line' id='line_1_35' title="bbox 327 3532 1069 3604; baseline -0.007 -11"><span class='ocrx_word' id='word_1_191' title='bbox 327 3536 402 3593; x_wconf 87' lang='lat' dir='ltr'>Fore</span> <span class='ocrx_word' id='word_1_192' title='bbox 427 3535 510 3604; x_wconf 89' lang='lat' dir='ltr'>enirn,</span> <span class='ocrx_word' id='word_1_193' title='bbox 536 3551 600 3591; x_wconf 88' lang='lat' dir='ltr'>curn</span> <span class='ocrx_word' id='word_1_194' title='bbox 623 3550 654 3590; x_wconf 88' lang='lat' dir='ltr'>se</span> <span class='ocrx_word' id='word_1_195' title='bbox 678 3532 764 3589; x_wconf 91' lang='lat' dir='ltr'>rebus</span> <span class='ocrx_word' id='word_1_196' title='bbox 787 3533 857 3588; x_wconf 91' lang='lat' dir='ltr'>velit</span> <span class='ocrx_word' id='word_1_197' title='bbox 879 3533 1069 3589; x_wconf 84' lang='lat' dir='ltr'>innniscerier</span> 
     </span>
    </p>
   </div>
   <div class='ocr_carea' id='block_1_4' title="bbox 268 3625 1035 3700">
    <p class='ocr_par' dir='ltr' id='par_1_8' title="bbox 268 3625 1035 3700">
     <span class='ocr_line' id='line_1_36' title="bbox 268 3625 1035 3700; baseline -0.012 -9"><span class='ocrx_word' id='word_1_198' title='bbox 268 3649 311 3691; x_wconf 75' lang='grc'>340</span> <span class='ocrx_word' id='word_1_199' title='bbox 326 3630 449 3687; x_wconf 86' lang='lat' dir='ltr'>Praeter</span> <span class='ocrx_word' id='word_1_200' title='bbox 472 3633 612 3687; x_wconf 87' lang='lat' dir='ltr'>statuturn</span> <span class='ocrx_word' id='word_1_201' title='bbox 634 3632 756 3700; x_wconf 83' lang='lat' dir='ltr'>tempus,</span> <span class='ocrx_word' id='word_1_202' title='bbox 781 3631 813 3683; x_wconf 89' lang='lat' dir='ltr'>ut</span> <span class='ocrx_word' id='word_1_203' title='bbox 835 3627 935 3700; x_wconf 87' lang='lat' dir='ltr'>plagas</span> <span class='ocrx_word' id='word_1_204' title='bbox 959 3625 1035 3683; x_wconf 86' lang='lat' dir='ltr'>ferat</span> 
     </span>
    </p>
   </div>
   <div class='ocr_carea' id='block_1_5' title="bbox 0 0 1420 4188">
    <p class='ocr_par' dir='ltr' id='par_1_9' title="bbox 0 0 1420 4188">
     <span class='ocr_line' id='line_1_37' title="bbox 0 0 1420 4188; baseline 0 0"><span class='ocrx_word' id='word_1_205' title='bbox 0 0 1420 4188; x_wconf 95' lang='lat' dir='ltr'> </span> 
     </span>
    </p>
   </div>
  </div>
 </body>
</html>
