2824 4188
256 247 292 304 16
462 254 675 312 unoononovS,
699 256 905 301 rnuusofflvs.
931 245 953 314 l,
982 249 1007 302 1.

307 433 394 505 Apud
416 436 530 504 patrem
552 447 648 487 meunr
674 447 746 488 esse.

670 525 807 582 Paulus

783 620 879 692 Vsque
902 621 977 678 adeo
1001 624 1149 695 sanguinis

304 718 441 788 Tuaeque
463 715 565 772 mortis
589 713 796 771 obliviscentur
818 714 969 773 homines?

651 807 822 866 Christus.
1016 798 1018 802 ¹

306 905 439 962 Prorsus.
465 903 570 975 Surget
592 887 801 960 monachorum
823 903 994 975 pestiferum
1016 924 1115 980 genus

246 1019 290 1061 205
306 1000 362 1070 Qui
383 999 521 1056 ridiculas
544 997 725 1054 inventiones
749 1002 778 1054 et
801 1015 868 1054 suos

306 1094 440 1152 Ouo-ullos
464 1097 494 1150 et
515 1090 706 1163 professionis
728 1091 834 1163 impiae

305 1189 449 1261 Mysterio
472 1187 605 1259 sanguini
627 1185 713 1263 longe¹
736 1186 862 1244 doceant
883 1205 948 1246 meo

307 1285 470 1342 Praestare.

662 1377 803 1434 Paulus.

495 1471 572 1542 Quid
595 1470 658 1529 ais?
682 1472 843 1528 Tantumne
866 1471 1063 1543 impudentiae

303 1567 344 1624 Et
365 1567 523 1638 irnpietetis
546 1566 711 1624 hominibus
734 1567 829 1624 inesse
852 1564 981 1637 poterit?

649 1660 823 1717 Christus.

243 1775 289 1816 210
303 1756 410 1824 Etiam,
436 1756 556 1813 doctore
579 1755 697 1812 Satana.
721 1754 845 1811 Pulchre
868 1761 908 1823 tu,
933 1755 1029 1825 Petre‚

302 1851 371 1907 illos
395 1850 525 1908 ostendis
549 1849 662 1906 dicens:
689 1841 986 1907 Ψευδοδιδάσκαλοι

244 1955 312 2008 [Bou]
327 1945 422 2001 Erunt
443 1945 474 2000 in
496 1943 587 2012 vobiS,
612 1943 660 2016 qui
682 1943 871 2000 introducent
893 1943 1030 2002 haereses

302 2039 489 2110 PerditioniS,
513 2034 570 2096 τὸν
592 2031 752 2116 δεσπότην
774 2031 963 2116 ἀρνούμενοι

305 2129 371 2190 Τὸν
394 2126 583 2212 α’γοράσαντ’
608 2126 732 2198 αὐτούς.
1030 2135 1032 2140 ’

666 2225 801 2282 Petrus.

738 2318 868 2376 Memini.

663 2413 801 2470 Paulus.

858 2507 933 2564 Nurn
956 2513 1015 2566 tani
1038 2510 1128 2582 impio

240 2622 285 2663 215
300 2587 446 2660 Doeentes
460 2603 626 2679 invenient,
651 2603 698 2674 qui
722 2600 862 2659 eredunt?

646 2697 819 2754 Christus.

884 2791 1021 2850 Maxime.

299 2886 374 2941 Nunr
397 2902 455 2942 non
478 2890 545 2942 tuae
569 2885 734 2942 recordaris
758 2887 920 2943 sententiae

299 2981 324 3036 A
348 2977 472 3036 veritate
496 2979 627 3036 auditum
650 2997 803 3037 eversuros
828 2981 917 3038 etad

297 3074 394 3130 Venas
417 3074 548 3131 homines
573 3091 603 3130 se
628 3091 817 3132 conversuros
839 3073 974 3132 fabulas?

298 3168 459 3226 Plaeebunt
481 3168 633 3225 mendacia
656 3174 686 3225 et
707 3169 882 3240 impostores
905 3171 997 3242 magis

239 3281 282 3323 ‘2⁵20
299 3263 390 3332 Quam
413 3279 531 3320 veraces
555 3267 586 3320 et
608 3264 671 3320 sani
694 3264 858 3336 diligentur,
884 3270 913 3322 et

299 3357 361 3426 Quo
384 3357 528 3428 perditior
551 3358 679 3430 quisque,
704 3360 759 3416 hoc
783 3361 894 3416 eunetis
918 3361 1015 3418 carior
1037 3361 1099 3417 erit.

298 3451 424 3508 Mundus
448 3453 509 3508 vult
532 3452 635 3524 decipi,
661 3454 804 3511 inlusores
828 3454 922 3526 diligit

297 3546 520 3618 Nugatoresque
543 3564 642 3609 omnes
665 3549 760 3620 poscit
782 3549 987 3620 pinguissimis.

296 3640 431 3698 Aderunt
453 3641 542 3712 igitur
564 3645 593 3699 et
617 3648 721 3700 cuneta
741 3642 902 3715 implebunt
924 3643 1043 3714 pulpita.
