2824 4196
355 282 569 343 xnoanoaovs
591 285 796 329 ranunculus.
821 274 874 343 III,
901 275 928 331 5.
1074 275 1132 335 107

224 457 349 515 Arbitrii
372 458 457 516 liberi
480 459 635 516 intellectis
659 460 778 529 viribus,

149 570 209 612 atos
225 552 335 622 Quibus
358 553 440 622 haec,
466 571 539 626 quae
563 554 632 622 dixi,
656 561 780 625 possunt
803 555 900 613 omnia
921 554 1032 628 perfici.

224 646 356 704 Romano
381 648 533 705 dumtaxat
557 647 695 706 oboedite
719 649 867 721 episcopo,

224 741 305 798 lllius
329 758 363 798 ea
385 741 444 799 fide
468 743 607 813 suscipite
631 743 777 814 dogmata,

224 835 264 891 Vt
287 837 311 892 si
335 837 414 893 alind
438 837 482 894 vel
506 837 542 893 de
565 837 646 894 caelo
671 837 805 894 docuerit
827 838 955 910 angelus,

224 929 390 987 Anathema
414 931 452 987 sit
475 931 557 988 vobis
581 936 611 988 et
634 930 823 989 abominatio.

148 1042 208 1084 2410
225 1023 289 1094 Quo
312 1029 399 1096 pacto
424 1043 540 1097 semper
563 1025 636 1082 oaeli
660 1025 742 1082 vobis
765 1027 853 1084 ianua

149 1129 222 1182 [flou]
247 1117 372 1188 Patebit,
398 1135 513 1191 semper
536 1120 660 1177 aderunt
682 1120 890 1192 indulgentiae,

224 1213 345 1285 Semper
367 1231 418 1271 vos
442 1220 528 1285 pater
550 1215 580 1271 in
604 1215 701 1272 cordis
725 1215 847 1272 habebit
870 1215 986 1284 scrinio,

226 1308 289 1364 Neo
311 1325 438 1379 unquam
461 1309 523 1365 eius
547 1326 597 1365 vos
613 1309 763 1366 'destituet
784 1309 961 1367 benedictio.

267 1401 349 1458 Haec
372 1409 448 1472 sunt,
474 1420 546 1474 qnae
571 1401 754 1460 Christianos
779 1404 853 1460 scire
878 1405 1021 1472 convenit,

150 1514 210 1556 2415
225 1495 265 1552 Vt
288 1503 466 1568 cognoscunt
489 1515 519 1554 se
543 1497 652 1554 habere
676 1502 764 1568 caput
787 1501 817 1554 et
840 1498 1016 1569 episcopum,

224 1589 276 1646 Cui
299 1591 394 1647 nullus
418 1591 456 1648 sit
479 1592 580 1648 similis
605 1592 739 1648 doctrina
762 1596 792 1648 et
814 1593 939 1649 nomine.

224 1683 310 1742 Certe
334 1702 484 1743 sacrorum
508 1687 661 1757 singularis
685 1685 800 1756 artifex,

224 1777 309 1836 Fidei
332 1780 448 1851 genitor
471 1785 500 1837 et
524 1781 766 1838 caerimoniarum
789 1781 898 1852 regula.

221 1873 305 1931 Vnde
329 1875 416 1931 etiam
441 1875 548 1946 triplici
572 1879 617 1930 est
640 1880 759 1931 ornatus
784 1875 959 1944 diademate,

149 1986 208 2028 2420
223 1968 354 2025 Vestitus
379 1985 449 2025 auro
474 1975 504 2026 et
527 1974 648 2040 argento
672 1973 759 2040 atque
781 1985 918 2040 purpura,

224 2063 262 2119 Vt
285 2063 368 2135 quasi
391 2063 434 2120 sol
458 2080 558 2120 ornnes
581 2063 732 2119 inluminet
756 2063 903 2120 ecclesias.

541 2174 743 2232 Parrhasia.

222 2268 269 2326 Ha
292 2269 330 2326 ha
353 2269 400 2338 ha,
424 2269 595 2341 perelegans
618 2269 814 2326 inluminatio!

525 2381 755 2453 Porphyrius.

221 2473 321 2543 Rides,
346 2475 457 2544 mulier,
483 2481 511 2531 et
535 2476 607 2532 haec
631 2475 792 2532 subsannas
817 2471 933 2532 omnia?

222 2569 269 2624 An
292 2569 442 2626 haeretica
466 2570 584 2626 divexat
607 2575 635 2626 to
659 2567 791 2626 malitia?

515 2681 766 2737 Pammachius.

775 2774 850 2843 Quin

148 2886 206 2927 2425
222 2867 363 2925 Extraliis
387 2869 462 2926 liano
485 2870 635 2926 mulierem
657 2886 710 2940 per
734 2868 863 2940 capillos
888 2867 1042 2939 Porphyri,

225 2961 332 3032 Pugnis
356 2963 386 3018 in
409 2981 441 3019 os
465 2961 607 3035 ingestis?

535 3066 739 3123 Parrhasia.

582 3160 771 3218 Sanctissime
794 3165 887 3231 pater,

221 3253 306 3310 Meae
330 3254 501 3325 loquacitati
525 3255 575 3312 des
600 3255 722 3324 veniam,
748 3254 880 3311 obsecro.

221 3347 317 3419 Magis
342 3365 392 3404 ero
416 3354 496 3405 muta
520 3366 604 3421 quam
627 3350 725 3420 piscis
751 3349 794 3404 Mi
817 3348 971 3420 Porphyri,

222 3441 321 3511 Parce,
346 3459 459 3513 precor.
485 3442 516 3499 Si
540 3445 692 3515 quiopuam
714 3443 846 3516 posthac,
873 3441 1014 3500 occidito!

152 3559 357 3568 ————-

216 3610 262 3642 '2⁴⁰⁶
281 3611 322 3663 17.
340 3627 364 3676 q.
381 3611 405 3662 l.
425 3609 534 3675 Siquis
555 3610 695 3662 stiadante.
720 3611 758 3660 19.
779 3609 843 3662 dist.
861 3608 1015 3662 Enimvero
1040 3608 1078 3661 nt
1101 3625 1123 3662 c.

149 3686 194 3740 sic
213 3703 314 3740 onmes.
