2824 4196
372 279 585 336 9199999919,
606 275 811 322 esuriemus,
835 263 888 332 ΙΙΙ,
914 263 941 319 3.
1104 260 1143 318 89

589 454 728 510 Dromo.

564 549 663 606 Etiam
686 549 710 605 si
733 547 899 604 carissimos

243 647 378 720 iugulare
401 650 537 718 parentes
560 644 694 700 iussisset
717 642 924 708 sanctissimus,

245 741 281 799 Se
306 740 442 798 dixerunt
465 739 604 796 oboedire
626 741 754 808 paratos
778 736 854 792 Nam
878 751 912 791 eo

164 861 166 866 ·
246 836 367 893 lubente
391 833 470 891 facta
492 833 601 904 alioqui
624 832 668 888 vel
691 830 859 901 turpissima

173 950 230 992 1935
246 931 330 987 Mera
352 945 523 1001 persuasum
546 932 647 984 tenent
670 942 733 982 esse
756 918 1004 1003 κατορθώματα.

543 1039 774 1111 Porphyrius,

244 1139 351 1209 Papae,
377 1154 460 1209 quam
484 1134 663 1205 evangelice!

591 1245 729 1302 Dromo.

634 1340 696 1396 Iam
719 1339 843 1395 oderunt
867 1336 1021 1393 Caesarem

245 1436 323 1494 Cane
346 1437 429 1508 peius
453 1441 481 1492 et
505 1451 607 1506 angue.

543 1546 773 1616 Porphyrius

636 1639 700 1696 Pie!

587 1743 727 1798 Dromo.

690 1836 813 1907 Maghas
837 1834 937 1890 turbas
960 1838 1085 1891 movent.
1166 1882 1168 1886 .

544 1947 773 2018 Porphyrius

244 2043 366 2100 Sancte!

589 2145 734 2205 Dromo..

378 2239 538 2316 Caesareas
562 2240 681 2310 quisque
708 2239 801 2308 spirat
822 2239 940 2309 glorias

543 2341 773 2412 Porphyrius,

243 2435 413 2508 Magnifice!
438 2435 655 2492 Pammachium
679 2436 815 2506 [leiuceps
839 2436 887 2506 qui
910 2436 987 2491 volet

171 2552 228 2592 1919
244 2531 382 2588 Inritato!
406 2531 473 2587 Nou
496 2530 607 2598 dubito,
633 2530 701 2600 quin
723 2531 894 2600 palmarium
932 2570 933 2574 ,

244 2627 318 2682 Mihi
342 2626 396 2682 hoc
419 2625 547 2681 futurum
571 2625 616 2680 sit.
643 2623 691 2679 Sic
715 2625 855 2680 commovi
879 2625 975 2681 omma

243 2721 289 2777 Ex
312 2721 376 2776 imis
400 2719 528 2776 sedibus
553 2719 614 2775 Iam
637 2736 712 2775 uuuc
736 2719 815 2786 91199,
842 2717 962 2786 Dromo,

243 2815 327 2872 Hauc
352 2815 521 2871 cathedram
543 2813 641 2870 baiula
664 2819 694 2869 et
717 2818 851 2869 ornatum
875 2813 984 2869 tollito!

243 2910 307 2980 Ego
332 2925 468 2966 coronam
491 2907 592 2976 feram,
616 2913 649 2964 ut
672 2925 769 2963 99111119
793 2924 916 2978 propere
941 2908 977 2965 ad
1000 2913 1122 2979 patrem.

590 3011 729 3067 Dromo.

170 3125 227 3167 1919
242 3105 381 3163 Defessus
406 3123 468 3162 sum
492 3105 635 3162 currendo
659 3110 719 3162 tam
741 3105 856 3176 longam
879 3105 955 3161 viam

242 3201 277 3257 Iu
299 3217 398 3258 omues
423 3201 556 3257 civitates
580 3205 610 3257 et
632 3201 797 3271 provincias

241 3296 304 3352 Nec
326 3295 380 3351 tibi
403 3301 501 3352 tamen
523 3295 626 3352 videor
647 3293 752 3350 iecisse
776 3294 855 3362 satis,
884 3294 940 3350 uisi

242 3390 340 3446 Etiam
363 3390 411 3446 vix
434 3389 538 3446 hausto
563 3389 667 3459 spiritu
690 3389 769 3444 aliud
792 3389 926 3459 imperes²

243 3484 361 3541 Scilicet
383 3484 456 3540 hacc
478 3482 564 3552 ferre,
589 3499 662 3554 quae
685 3483 778 3538 nullus
803 3483 900 3539 asinus
923 3481 1000 3539 ierat

171 3597 228 3638 1950
243 3579 296 3636 Vel
318 3579 459 3636 Reatinus
484 3579 528 3635 vel
551 3579 644 3634 Arcas
669 3578 728 3633 sive
753 3576 921 3648 Cappadox.

172 3683 240 3737 [aab]
266 3674 340 3744 Quin
364 3674 452 3730 etiam
474 3673 524 3730 ubi
539 3673 664 3744 pavoris
689 3673 808 3742 impera,
833 3676 865 3727 ut
885 3672 1070 3742 proverbium
1086 3672 1144 3728 cst!
