<?xml version="1.0" encoding="UTF-8"?>
<!DOCTYPE html PUBLIC "-//W3C//DTD XHTML 1.0 Transitional//EN"
    "http://www.w3.org/TR/xhtml1/DTD/xhtml1-transitional.dtd">
<html xmlns="http://www.w3.org/1999/xhtml" xml:lang="en" lang="en">
 <head>
  <title>
</title>
<meta http-equiv="Content-Type" content="text/html;charset=utf-8" />
  <meta name='ocr-system' content='tesseract 3.04.00' />
  <meta name='ocr-capabilities' content='ocr_page ocr_carea ocr_par ocr_line ocrx_word'/>
</head>
<body>
  <div class='ocr_page' id='page_1' title='image "./pammachius00boltgoog_0158.png"; bbox 0 0 2824 4196; ppageno 0'>
   <div class='ocr_carea' id='block_1_1' title="bbox 253 287 1024 362">
    <p class='ocr_par' dir='ltr' id='par_1_1' title="bbox 253 287 1024 362">
     <span class='ocr_line' id='line_1_1' title="bbox 253 287 1024 362; baseline 0.005 -19"><span class='ocrx_word' id='word_1_1' title='bbox 253 287 311 343; x_wconf 73' lang='grc'>111</span> <span class='ocrx_word' id='word_1_2' title='bbox 452 299 665 359; x_wconf 78' lang='grc'>2222222212,</span> <span class='ocrx_word' id='word_1_3' title='bbox 688 303 893 348; x_wconf 79' lang='lat' dir='ltr'>rnuunomvs.</span> <span class='ocrx_word' id='word_1_4' title='bbox 917 293 970 362; x_wconf 86' lang='lat' dir='ltr'>III,</span> <span class='ocrx_word' id='word_1_5' title='bbox 997 295 1024 351; x_wconf 83' lang='lat'>6.</span> 
     </span>
    </p>
   </div>
   <div class='ocr_carea' id='block_1_2' title="bbox 658 478 817 535">
    <p class='ocr_par' dir='ltr' id='par_1_2' title="bbox 658 478 817 535">
     <span class='ocr_line' id='line_1_2' title="bbox 658 478 817 535; baseline 0 0"><span class='ocrx_word' id='word_1_6' title='bbox 658 478 817 535; x_wconf 88' lang='lat' dir='ltr'>Satanas.</span> 
     </span>
    </p>
   </div>
   <div class='ocr_carea' id='block_1_3' title="bbox 312 560 861 716">
    <p class='ocr_par' dir='ltr' id='par_1_3' title="bbox 312 560 861 716">
     <span class='ocr_line' id='line_1_3' title="bbox 312 560 796 629; baseline 0 -1"><span class='ocrx_word' id='word_1_7' title='bbox 312 560 451 628; x_wconf 81' lang='lat' dir='ltr'>Gaudeo.</span> <span class='ocrx_word' id='word_1_8' title='bbox 475 572 568 629; x_wconf 84' lang='lat' dir='ltr'>Nemo</span> <span class='ocrx_word' id='word_1_9' title='bbox 592 572 646 629; x_wconf 91' lang='lat' dir='ltr'>tibi</span> <span class='ocrx_word' id='word_1_10' title='bbox 668 570 796 629; x_wconf 79' lang='lat' dir='ltr'>restitit?</span> 
     </span>
     <span class='ocr_line' id='line_1_4' title="bbox 609 658 861 716; baseline -0.004 -1"><span class='ocrx_word' id='word_1_11' title='bbox 609 658 861 716; x_wconf 82' lang='lat' dir='ltr'>Pammachius.</span> 
     </span>
    </p>
   </div>
   <div class='ocr_carea' id='block_1_4' title="bbox 761 755 1017 826">
    <p class='ocr_par' dir='ltr' id='par_1_4' title="bbox 761 755 1017 826">
     <span class='ocr_line' id='line_1_5' title="bbox 761 755 1017 826; baseline 0 -16"><span class='ocrx_word' id='word_1_12' title='bbox 761 755 877 811; x_wconf 85' lang='lat' dir='ltr'>Audeat</span> <span class='ocrx_word' id='word_1_13' title='bbox 900 755 1017 826; x_wconf 82' lang='lat' dir='ltr'>aliquis!</span> 
     </span>
    </p>
   </div>
   <div class='ocr_carea' id='block_1_5' title="bbox 247 855 1107 1114">
    <p class='ocr_par' dir='ltr' id='par_1_5' title="bbox 247 855 1107 1114">
     <span class='ocr_line' id='line_1_6' title="bbox 657 855 818 913; baseline -0.006 0"><span class='ocrx_word' id='word_1_14' title='bbox 657 855 818 913; x_wconf 84' lang='lat' dir='ltr'>Satanas</span> 
     </span>
     <span class='ocr_line' id='line_1_7' title="bbox 247 949 1107 1024; baseline 0 -16"><span class='ocrx_word' id='word_1_15' title='bbox 247 966 304 1008; x_wconf 80' lang='grc'>2122</span> <span class='ocrx_word' id='word_1_16' title='bbox 320 949 443 1007; x_wconf 82' lang='lat' dir='ltr'>Pulchre</span> <span class='ocrx_word' id='word_1_17' title='bbox 466 949 608 1021; x_wconf 80' lang='lat' dir='ltr'>profecto.</span> <span class='ocrx_word' id='word_1_18' title='bbox 634 952 672 1007; x_wconf 89' lang='lat' dir='ltr'>At</span> <span class='ocrx_word' id='word_1_19' title='bbox 696 969 713 1008; x_wconf 93' lang='lat' dir='ltr'>o</span> <span class='ocrx_word' id='word_1_20' title='bbox 737 957 816 1008; x_wconf 89' lang='lat' dir='ltr'>terra</span> <span class='ocrx_word' id='word_1_21' title='bbox 839 958 868 1009; x_wconf 91' lang='lat' dir='ltr'>et</span> <span class='ocrx_word' id='word_1_22' title='bbox 892 951 993 1024; x_wconf 70' lang='lat' dir='ltr'>Stygia</span> <span class='ocrx_word' id='word_1_23' title='bbox 1015 952 1107 1023; x_wconf 81' lang='lat' dir='ltr'>palm,</span> 
     </span>
     <span class='ocr_line' id='line_1_8' title="bbox 322 1044 899 1114; baseline 0 -12"><span class='ocrx_word' id='word_1_24' title='bbox 322 1044 391 1114; x_wconf 79' lang='lat' dir='ltr'>Quis</span> <span class='ocrx_word' id='word_1_25' title='bbox 416 1045 500 1102; x_wconf 90' lang='lat' dir='ltr'>huius</span> <span class='ocrx_word' id='word_1_26' title='bbox 524 1050 568 1103; x_wconf 89' lang='lat' dir='ltr'>est</span> <span class='ocrx_word' id='word_1_27' title='bbox 591 1047 748 1103; x_wconf 82' lang='lat' dir='ltr'>creationis</span> <span class='ocrx_word' id='word_1_28' title='bbox 771 1044 899 1103; x_wconf 80' lang='lat' dir='ltr'>artifex?</span> 
     </span>
    </p>
   </div>
   <div class='ocr_carea' id='block_1_6' title="bbox 249 1158 1143 2301">
    <p class='ocr_par' dir='ltr' id='par_1_6' title="bbox 249 1158 1143 2301">
     <span class='ocr_line' id='line_1_9' title="bbox 608 1158 861 1216; baseline 0 -2"><span class='ocrx_word' id='word_1_29' title='bbox 608 1158 861 1216; x_wconf 78' lang='lat' dir='ltr'>Pammachius.</span> 
     </span>
     <span class='ocr_line' id='line_1_10' title="bbox 320 1252 394 1324; baseline 0.014 -16"><span class='ocrx_word' id='word_1_30' title='bbox 320 1252 394 1324; x_wconf 82' lang='lat' dir='ltr'>Ego.</span> 
     </span>
     <span class='ocr_line' id='line_1_11' title="bbox 657 1356 815 1414; baseline -0.013 0"><span class='ocrx_word' id='word_1_31' title='bbox 657 1356 815 1414; x_wconf 86' lang='lat' dir='ltr'>Satanas.</span> 
     </span>
     <span class='ocr_line' id='line_1_12' title="bbox 403 1448 466 1507; baseline -0.016 0"><span class='ocrx_word' id='word_1_32' title='bbox 403 1448 466 1507; x_wconf 86' lang='lat' dir='ltr'>Tu?</span> 
     </span>
     <span class='ocr_line' id='line_1_13' title="bbox 609 1563 861 1620; baseline -0.004 -1"><span class='ocrx_word' id='word_1_33' title='bbox 609 1563 861 1620; x_wconf 83' lang='lat' dir='ltr'>Pammachius.</span> 
     </span>
     <span class='ocr_line' id='line_1_14' title="bbox 453 1657 675 1730; baseline -0.005 -16"><span class='ocrx_word' id='word_1_34' title='bbox 453 1657 526 1730; x_wconf 81' lang='lat' dir='ltr'>Ego,</span> <span class='ocrx_word' id='word_1_35' title='bbox 551 1658 675 1730; x_wconf 89' lang='lat' dir='ltr'>iuquam.</span> 
     </span>
     <span class='ocr_line' id='line_1_15' title="bbox 655 1761 815 1818; baseline -0.006 0"><span class='ocrx_word' id='word_1_36' title='bbox 655 1761 815 1818; x_wconf 86' lang='lat' dir='ltr'>Satanas.</span> 
     </span>
     <span class='ocr_line' id='line_1_16' title="bbox 680 1852 1143 1927; baseline -0.004 -15"><span class='ocrx_word' id='word_1_37' title='bbox 680 1856 746 1913; x_wconf 84' lang='lat' dir='ltr'>Non</span> <span class='ocrx_word' id='word_1_38' title='bbox 770 1873 832 1912; x_wconf 89' lang='lat' dir='ltr'>sum</span> <span class='ocrx_word' id='word_1_39' title='bbox 854 1855 952 1924; x_wconf 80' lang='grc'>1212112,</span> <span class='ocrx_word' id='word_1_40' title='bbox 978 1852 1143 1927; x_wconf 76' lang='lat' dir='ltr'>Porphyri?</span> 
     </span>
     <span class='ocr_line' id='line_1_17' title="bbox 622 1958 850 2030; baseline 0.004 -16"><span class='ocrx_word' id='word_1_41' title='bbox 622 1958 850 2030; x_wconf 82' lang='lat' dir='ltr'>Porphyrius</span> 
     </span>
     <span class='ocr_line' id='line_1_18' title="bbox 319 2052 1137 2124; baseline -0.001 -15"><span class='ocrx_word' id='word_1_42' title='bbox 319 2052 449 2119; x_wconf 89' lang='lat' dir='ltr'>Minime,</span> <span class='ocrx_word' id='word_1_43' title='bbox 473 2053 616 2124; x_wconf 83' lang='lat' dir='ltr'>princeps.</span> <span class='ocrx_word' id='word_1_44' title='bbox 641 2053 777 2110; x_wconf 88' lang='lat' dir='ltr'>Divinum</span> <span class='ocrx_word' id='word_1_45' title='bbox 799 2054 876 2111; x_wconf 87' lang='lat' dir='ltr'>huno</span> <span class='ocrx_word' id='word_1_46' title='bbox 899 2053 1013 2110; x_wconf 88' lang='lat' dir='ltr'>obtines</span> <span class='ocrx_word' id='word_1_47' title='bbox 1036 2053 1137 2109; x_wconf 89' lang='lat' dir='ltr'>virum.</span> 
     </span>
     <span class='ocr_line' id='line_1_19' title="bbox 320 2147 1076 2220; baseline 0.001 -18"><span class='ocrx_word' id='word_1_48' title='bbox 320 2147 415 2218; x_wconf 82' lang='lat' dir='ltr'>Atque</span> <span class='ocrx_word' id='word_1_49' title='bbox 439 2147 469 2203; x_wconf 95' lang='lat' dir='ltr'>id</span> <span class='ocrx_word' id='word_1_50' title='bbox 492 2149 583 2218; x_wconf 79' lang='lat' dir='ltr'>magis</span> <span class='ocrx_word' id='word_1_51' title='bbox 608 2148 706 2217; x_wconf 85' lang='lat' dir='ltr'>scires,</span> <span class='ocrx_word' id='word_1_52' title='bbox 731 2149 755 2204; x_wconf 93' lang='lat' dir='ltr'>si</span> <span class='ocrx_word' id='word_1_53' title='bbox 778 2165 917 2220; x_wconf 83' lang='lat' dir='ltr'>praesens</span> <span class='ocrx_word' id='word_1_54' title='bbox 944 2147 1076 2205; x_wconf 86' lang='lat' dir='ltr'>omnibus</span> 
     </span>
     <span class='ocr_line' id='line_1_20' title="bbox 249 2240 959 2301; baseline -0.003 -1"><span class='ocrx_word' id='word_1_55' title='bbox 249 2240 519 2301; x_wconf 79' lang='grc'>21221212111112222.</span> <span class='ocrx_word' id='word_1_56' title='bbox 543 2242 640 2299; x_wconf 82' lang='lat' dir='ltr'>Verbo</span> <span class='ocrx_word' id='word_1_57' title='bbox 664 2247 731 2299; x_wconf 92' lang='lat' dir='ltr'>sunt</span> <span class='ocrx_word' id='word_1_58' title='bbox 753 2242 831 2299; x_wconf 88' lang='lat' dir='ltr'>facta</span> <span class='ocrx_word' id='word_1_59' title='bbox 855 2243 959 2300; x_wconf 89' lang='lat' dir='ltr'>omnia.</span> 
     </span>
    </p>
   </div>
   <div class='ocr_carea' id='block_1_7' title="bbox 322 2343 907 2508">
    <p class='ocr_par' dir='ltr' id='par_1_7' title="bbox 322 2343 907 2508">
     <span class='ocr_line' id='line_1_21' title="bbox 655 2343 815 2403; baseline -0.019 0"><span class='ocrx_word' id='word_1_60' title='bbox 655 2343 815 2403; x_wconf 85' lang='lat' dir='ltr'>Satanas.</span> 
     </span>
     <span class='ocr_line' id='line_1_22' title="bbox 322 2435 907 2508; baseline 0.002 -15"><span class='ocrx_word' id='word_1_61' title='bbox 322 2437 398 2507; x_wconf 72' lang='lat' dir='ltr'>Quid</span> <span class='ocrx_word' id='word_1_62' title='bbox 421 2435 484 2494; x_wconf 82' lang='lat' dir='ltr'>ais?</span> <span class='ocrx_word' id='word_1_63' title='bbox 508 2437 564 2494; x_wconf 87' lang='lat' dir='ltr'>Est</span> <span class='ocrx_word' id='word_1_64' title='bbox 586 2455 695 2508; x_wconf 86' lang='lat' dir='ltr'>verum,</span> <span class='ocrx_word' id='word_1_65' title='bbox 719 2437 907 2496; x_wconf 77' lang='lat' dir='ltr'>Pammachi?</span> 
     </span>
    </p>
   </div>
   <div class='ocr_carea' id='block_1_8' title="bbox 610 2539 860 2598">
    <p class='ocr_par' dir='ltr' id='par_1_8' title="bbox 610 2539 860 2598">
     <span class='ocr_line' id='line_1_23' title="bbox 610 2539 860 2598; baseline 0.008 -2"><span class='ocrx_word' id='word_1_66' title='bbox 610 2539 860 2598; x_wconf 90' lang='lat' dir='ltr'>Pammachius.</span> 
     </span>
    </p>
   </div>
   <div class='ocr_carea' id='block_1_9' title="bbox 322 2637 1062 2787">
    <p class='ocr_par' dir='ltr' id='par_1_9' title="bbox 322 2637 1062 2787">
     <span class='ocr_line' id='line_1_24' title="bbox 864 2637 1062 2693; baseline 0 -1"><span class='ocrx_word' id='word_1_67' title='bbox 864 2637 1062 2693; x_wconf 82' lang='lat' dir='ltr'>Verissimum.</span> 
     </span>
     <span class='ocr_line' id='line_1_25' title="bbox 322 2728 956 2787; baseline 0 -2"><span class='ocrx_word' id='word_1_68' title='bbox 322 2728 432 2787; x_wconf 86' lang='lat' dir='ltr'>Tantae</span> <span class='ocrx_word' id='word_1_69' title='bbox 456 2747 518 2786; x_wconf 91' lang='grc'>211111</span> <span class='ocrx_word' id='word_1_70' title='bbox 541 2731 726 2786; x_wconf 88' lang='lat' dir='ltr'>auctoritatis</span> <span class='ocrx_word' id='word_1_71' title='bbox 750 2736 778 2786; x_wconf 91' lang='lat' dir='ltr'>ct</span> <span class='ocrx_word' id='word_1_72' title='bbox 803 2731 843 2786; x_wconf 90' lang='lat' dir='ltr'>sic</span> <span class='ocrx_word' id='word_1_73' title='bbox 867 2731 956 2787; x_wconf 89' lang='lat' dir='ltr'>soleo.</span> 
     </span>
    </p>
   </div>
   <div class='ocr_carea' id='block_1_10' title="bbox 251 2832 1176 3763">
    <p class='ocr_par' dir='ltr' id='par_1_10' title="bbox 251 2832 1176 3763">
     <span class='ocr_line' id='line_1_26' title="bbox 658 2832 818 2890; baseline -0.013 0"><span class='ocrx_word' id='word_1_74' title='bbox 658 2832 818 2890; x_wconf 76' lang='lat' dir='ltr'>Satanas,</span> 
     </span>
     <span class='ocr_line' id='line_1_27' title="bbox 909 2927 981 2996; baseline 0.028 -14"><span class='ocrx_word' id='word_1_75' title='bbox 909 2927 981 2996; x_wconf 84' lang='lat' dir='ltr'>Vah,</span> 
     </span>
     <span class='ocr_line' id='line_1_28' title="bbox 321 3020 1176 3093; baseline 0 -15"><span class='ocrx_word' id='word_1_76' title='bbox 321 3022 377 3078; x_wconf 82' lang='lat' dir='ltr'>Vix</span> <span class='ocrx_word' id='word_1_77' title='bbox 401 3022 542 3079; x_wconf 88' lang='lat' dir='ltr'>decimam</span> <span class='ocrx_word' id='word_1_78' title='bbox 565 3027 679 3093; x_wconf 87' lang='lat' dir='ltr'>partem</span> <span class='ocrx_word' id='word_1_79' title='bbox 701 3023 770 3078; x_wconf 90' lang='lat' dir='ltr'>mihi</span> <span class='ocrx_word' id='word_1_80' title='bbox 793 3022 924 3079; x_wconf 89' lang='lat' dir='ltr'>narravit</span> <span class='ocrx_word' id='word_1_81' title='bbox 946 3022 1066 3078; x_wconf 89' lang='lat' dir='ltr'>Dromo.</span> <span class='ocrx_word' id='word_1_82' title='bbox 1091 3020 1176 3078; x_wconf 87' lang='lat' dir='ltr'>Adeo</span> 
     </span>
     <span class='ocr_line' id='line_1_29' title="bbox 321 3116 1014 3188; baseline 0 -16"><span class='ocrx_word' id='word_1_83' title='bbox 321 3116 467 3174; x_wconf 88' lang='lat' dir='ltr'>Adrident</span> <span class='ocrx_word' id='word_1_84' title='bbox 491 3121 595 3174; x_wconf 88' lang='lat' dir='ltr'>cuncta</span> <span class='ocrx_word' id='word_1_85' title='bbox 617 3133 753 3188; x_wconf 83' lang='lat' dir='ltr'>maraque</span> <span class='ocrx_word' id='word_1_86' title='bbox 777 3122 843 3172; x_wconf 90' lang='grc'>211111</span> <span class='ocrx_word' id='word_1_87' title='bbox 866 3116 1014 3173; x_wconf 88' lang='lat' dir='ltr'>miracula.</span> 
     </span>
     <span class='ocr_line' id='line_1_30' title="bbox 251 3208 948 3283; baseline -0.006 -13"><span class='ocrx_word' id='word_1_88' title='bbox 251 3228 308 3270; x_wconf 79' lang='grc'>2222</span> <span class='ocrx_word' id='word_1_89' title='bbox 324 3211 382 3268; x_wconf 86' lang='lat' dir='ltr'>Sed</span> <span class='ocrx_word' id='word_1_90' title='bbox 405 3229 512 3282; x_wconf 85' lang='lat' dir='ltr'>quaeso</span> <span class='ocrx_word' id='word_1_91' title='bbox 536 3217 573 3281; x_wconf 81' lang='lat' dir='ltr'>tc,</span> <span class='ocrx_word' id='word_1_92' title='bbox 600 3213 680 3267; x_wconf 90' lang='lat' dir='ltr'>cuius</span> <span class='ocrx_word' id='word_1_93' title='bbox 704 3211 810 3268; x_wconf 86' lang='lat' dir='ltr'>creasti</span> <span class='ocrx_word' id='word_1_94' title='bbox 833 3208 948 3283; x_wconf 79' lang='lat' dir='ltr'>gratia?</span> 
     </span>
     <span class='ocr_line' id='line_1_31' title="bbox 251 3305 1036 3378; baseline 0.004 -21"><span class='ocrx_word' id='word_1_95' title='bbox 251 3315 309 3369; x_wconf 80' lang='lat' dir='ltr'>[roo]</span> <span class='ocrx_word' id='word_1_96' title='bbox 330 3306 398 3378; x_wconf 90' lang='lat' dir='ltr'>Ipso</span> <span class='ocrx_word' id='word_1_97' title='bbox 423 3306 511 3362; x_wconf 88' lang='lat' dir='ltr'>etiam</span> <span class='ocrx_word' id='word_1_98' title='bbox 534 3311 654 3376; x_wconf 88' lang='lat' dir='ltr'>aspectu</span> <span class='ocrx_word' id='word_1_99' title='bbox 677 3306 815 3362; x_wconf 88' lang='lat' dir='ltr'>delector.</span> <span class='ocrx_word' id='word_1_100' title='bbox 839 3305 883 3362; x_wconf 92' lang='lat' dir='ltr'>De</span> <span class='ocrx_word' id='word_1_101' title='bbox 907 3305 1036 3376; x_wconf 85' lang='lat' dir='ltr'>singulis,</span> 
     </span>
     <span class='ocr_line' id='line_1_32' title="bbox 322 3399 934 3471; baseline 0 -15"><span class='ocrx_word' id='word_1_102' title='bbox 322 3399 397 3470; x_wconf 85' lang='lat' dir='ltr'>Quid</span> <span class='ocrx_word' id='word_1_103' title='bbox 420 3400 547 3458; x_wconf 85' lang='lat' dir='ltr'>habeant</span> <span class='ocrx_word' id='word_1_104' title='bbox 569 3401 714 3468; x_wconf 89' lang='lat' dir='ltr'>utilitatis,</span> <span class='ocrx_word' id='word_1_105' title='bbox 740 3399 829 3456; x_wconf 87' lang='lat' dir='ltr'>dicito</span> <span class='ocrx_word' id='word_1_106' title='bbox 853 3416 934 3471; x_wconf 85' lang='lat' dir='ltr'>roge.</span> 
     </span>
     <span class='ocr_line' id='line_1_33' title="bbox 610 3502 874 3579; baseline 0 -21"><span class='ocrx_word' id='word_1_107' title='bbox 610 3502 874 3579; x_wconf 53' lang='lat' dir='ltr'>Pammachius„</span> 
     </span>
     <span class='ocr_line' id='line_1_34' title="bbox 322 3597 1022 3669; baseline -0.001 -16"><span class='ocrx_word' id='word_1_108' title='bbox 322 3598 373 3654; x_wconf 88' lang='lat' dir='ltr'>Isti</span> <span class='ocrx_word' id='word_1_109' title='bbox 399 3603 472 3666; x_wconf 78' lang='lat' dir='ltr'>sunt,</span> <span class='ocrx_word' id='word_1_110' title='bbox 498 3598 640 3669; x_wconf 82' lang='lat' dir='ltr'>princeps,</span> <span class='ocrx_word' id='word_1_111' title='bbox 666 3597 748 3668; x_wconf 85' lang='lat' dir='ltr'>regni</span> <span class='ocrx_word' id='word_1_112' title='bbox 771 3597 864 3652; x_wconf 87' lang='lat' dir='ltr'>nostri</span> <span class='ocrx_word' id='word_1_113' title='bbox 889 3597 1022 3654; x_wconf 89' lang='lat' dir='ltr'>cardines</span> 
     </span>
     <span class='ocr_line' id='line_1_35' title="bbox 322 3691 1120 3763; baseline -0.003 -14"><span class='ocrx_word' id='word_1_114' title='bbox 322 3693 369 3750; x_wconf 89' lang='lat' dir='ltr'>Ad</span> <span class='ocrx_word' id='word_1_115' title='bbox 393 3693 449 3750; x_wconf 85' lang='lat' dir='ltr'>hoo</span> <span class='ocrx_word' id='word_1_116' title='bbox 471 3691 550 3761; x_wconf 81' lang='lat' dir='ltr'>facti,</span> <span class='ocrx_word' id='word_1_117' title='bbox 576 3699 607 3750; x_wconf 92' lang='grc'>111</span> <span class='ocrx_word' id='word_1_118' title='bbox 630 3693 684 3748; x_wconf 91' lang='lat' dir='ltr'>tibi</span> <span class='ocrx_word' id='word_1_119' title='bbox 706 3691 827 3762; x_wconf 88' lang='lat' dir='ltr'>perinde</span> <span class='ocrx_word' id='word_1_120' title='bbox 850 3696 883 3747; x_wconf 91' lang='lat' dir='ltr'>ut</span> <span class='ocrx_word' id='word_1_121' title='bbox 906 3708 959 3763; x_wconf 80' lang='lat' dir='ltr'>ago</span> <span class='ocrx_word' id='word_1_122' title='bbox 984 3691 1120 3762; x_wconf 84' lang='lat' dir='ltr'>serviant,</span> 
     </span>
    </p>
   </div>
   <div class='ocr_carea' id='block_1_11' title="bbox 0 0 1416 4196">
    <p class='ocr_par' dir='ltr' id='par_1_11' title="bbox 0 0 1416 4196">
     <span class='ocr_line' id='line_1_36' title="bbox 0 0 1416 4196; baseline 0 0"><span class='ocrx_word' id='word_1_123' title='bbox 0 0 1416 4196; x_wconf 95' lang='lat' dir='ltr'> </span> 
     </span>
    </p>
   </div>
  </div>
 </body>
</html>
