<?xml version="1.0" encoding="UTF-8"?>
<!DOCTYPE html PUBLIC "-//W3C//DTD XHTML 1.0 Transitional//EN"
    "http://www.w3.org/TR/xhtml1/DTD/xhtml1-transitional.dtd">
<html xmlns="http://www.w3.org/1999/xhtml" xml:lang="en" lang="en">
 <head>
  <title>
</title>
<meta http-equiv="Content-Type" content="text/html;charset=utf-8" />
  <meta name='ocr-system' content='tesseract 3.04.00' />
  <meta name='ocr-capabilities' content='ocr_page ocr_carea ocr_par ocr_line ocrx_word'/>
</head>
<body>
  <div class='ocr_page' id='page_1' title='image "./pammachius00boltgoog_0175.png"; bbox 0 0 2824 4196; ppageno 0'>
   <div class='ocr_carea' id='block_1_1' title="bbox 370 269 1140 339">
    <p class='ocr_par' dir='ltr' id='par_1_1' title="bbox 370 269 1140 339">
     <span class='ocr_line' id='line_1_1' title="bbox 370 269 1140 339; baseline 0.003 -13"><span class='ocrx_word' id='word_1_1' title='bbox 370 279 585 339; x_wconf 72' lang='lat' dir='ltr'>uaoeuonova</span> <span class='ocrx_word' id='word_1_2' title='bbox 606 279 813 326; x_wconf 75' lang='lat' dir='ltr'>ramulorum.</span> <span class='ocrx_word' id='word_1_3' title='bbox 836 269 885 338; x_wconf 90' lang='lat' dir='ltr'>IV,</span> <span class='ocrx_word' id='word_1_4' title='bbox 912 269 939 325; x_wconf 84' lang='lat'>3.</span> <span class='ocrx_word' id='word_1_5' title='bbox 1082 270 1140 328; x_wconf 85' lang='grc'><strong>139</strong></span> 
     </span>
    </p>
   </div>
   <div class='ocr_carea' id='block_1_2' title="bbox 164 456 1140 3716">
    <p class='ocr_par' dir='ltr' id='par_1_2' title="bbox 164 456 1140 3716">
     <span class='ocr_line' id='line_1_2' title="bbox 238 456 817 528; baseline -0.005 -13"><span class='ocrx_word' id='word_1_6' title='bbox 238 456 299 515; x_wconf 91' lang='lat' dir='ltr'>Aut</span> <span class='ocrx_word' id='word_1_7' title='bbox 321 474 339 514; x_wconf 91' lang='lat' dir='ltr'>a</span> <span class='ocrx_word' id='word_1_8' title='bbox 361 474 426 515; x_wconf 87' lang='lat' dir='ltr'>mea</span> <span class='ocrx_word' id='word_1_9' title='bbox 448 456 558 514; x_wconf 89' lang='lat' dir='ltr'>faciant</span> <span class='ocrx_word' id='word_1_10' title='bbox 580 456 690 514; x_wconf 89' lang='lat' dir='ltr'>alienos</span> <span class='ocrx_word' id='word_1_11' title='bbox 713 456 817 528; x_wconf 84' lang='lat' dir='ltr'>gratia.</span> 
     </span>
     <span class='ocr_line' id='line_1_3' title="bbox 237 549 1035 624; baseline -0.001 -15"><span class='ocrx_word' id='word_1_12' title='bbox 237 552 398 624; x_wconf 80' lang='lat' dir='ltr'>Vtcumque</span> <span class='ocrx_word' id='word_1_13' title='bbox 421 556 590 623; x_wconf 80' lang='lat' dir='ltr'>premantur</span> <span class='ocrx_word' id='word_1_14' title='bbox 613 555 643 608; x_wconf 91' lang='lat' dir='ltr'>et</span> <span class='ocrx_word' id='word_1_15' title='bbox 665 549 850 622; x_wconf 83' lang='lat' dir='ltr'>adfligentur,</span> <span class='ocrx_word' id='word_1_16' title='bbox 875 551 915 607; x_wconf 95' lang='lat' dir='ltr'>nil</span> <span class='ocrx_word' id='word_1_17' title='bbox 937 555 1035 608; x_wconf 87' lang='lat' dir='ltr'>tamen</span> 
     </span>
     <span class='ocr_line' id='line_1_4' title="bbox 237 645 919 718; baseline -0.003 -16"><span class='ocrx_word' id='word_1_18' title='bbox 237 646 282 704; x_wconf 90' lang='lat' dir='ltr'>De</span> <span class='ocrx_word' id='word_1_19' title='bbox 305 646 420 704; x_wconf 89' lang='lat' dir='ltr'>illorum</span> <span class='ocrx_word' id='word_1_20' title='bbox 442 646 520 718; x_wconf 92' lang='lat' dir='ltr'>apud</span> <span class='ocrx_word' id='word_1_21' title='bbox 542 662 588 702; x_wconf 94' lang='lat' dir='ltr'>me</span> <span class='ocrx_word' id='word_1_22' title='bbox 610 645 774 703; x_wconf 90' lang='lat' dir='ltr'>hereditate</span> <span class='ocrx_word' id='word_1_23' title='bbox 798 645 919 717; x_wconf 89' lang='lat' dir='ltr'>deperit.</span> 
     </span>
     <span class='ocr_line' id='line_1_5' title="bbox 238 739 985 812; baseline 0 -14"><span class='ocrx_word' id='word_1_24' title='bbox 238 740 311 798; x_wconf 89' lang='lat' dir='ltr'>Sunt</span> <span class='ocrx_word' id='word_1_25' title='bbox 333 739 394 810; x_wconf 89' lang='lat' dir='ltr'>filii,</span> <span class='ocrx_word' id='word_1_26' title='bbox 419 745 486 798; x_wconf 91' lang='lat' dir='ltr'>sunt</span> <span class='ocrx_word' id='word_1_27' title='bbox 507 740 640 809; x_wconf 68' lang='lat' dir='ltr'>heredes</span> <span class='ocrx_word' id='word_1_28' title='bbox 665 757 837 812; x_wconf 87' lang='lat' dir='ltr'>quamquam</span> <span class='ocrx_word' id='word_1_29' title='bbox 859 740 985 812; x_wconf 90' lang='lat' dir='ltr'>undique</span> 
     </span>
     <span class='ocr_line' id='line_1_6' title="bbox 165 832 916 907; baseline -0.005 -13"><span class='ocrx_word' id='word_1_30' title='bbox 165 851 222 895; x_wconf 76' lang='lat'><strong>3115</strong></span> <span class='ocrx_word' id='word_1_31' title='bbox 239 833 468 907; x_wconf 83' lang='lat' dir='ltr'>Circumstrepat</span> <span class='ocrx_word' id='word_1_32' title='bbox 490 835 631 892; x_wconf 88' lang='lat' dir='ltr'>malorum</span> <span class='ocrx_word' id='word_1_33' title='bbox 654 833 748 890; x_wconf 89' lang='lat' dir='ltr'>turba.</span> <span class='ocrx_word' id='word_1_34' title='bbox 773 834 816 890; x_wconf 92' lang='lat' dir='ltr'>Tu</span> <span class='ocrx_word' id='word_1_35' title='bbox 839 832 916 891; x_wconf 85' lang='lat' dir='ltr'>feras</span> 
     </span>
     <span class='ocr_line' id='line_1_7' title="bbox 239 927 1052 1001; baseline -0.001 -14"><span class='ocrx_word' id='word_1_36' title='bbox 239 929 364 998; x_wconf 82' lang='lat' dir='ltr'>Mecum,</span> <span class='ocrx_word' id='word_1_37' title='bbox 389 946 462 1001; x_wconf 88' lang='lat' dir='ltr'>quae</span> <span class='ocrx_word' id='word_1_38' title='bbox 486 934 553 986; x_wconf 93' lang='lat' dir='ltr'>sunt</span> <span class='ocrx_word' id='word_1_39' title='bbox 573 928 705 986; x_wconf 84' lang='lat' dir='ltr'>ferenda.</span> <span class='ocrx_word' id='word_1_40' title='bbox 730 927 833 998; x_wconf 86' lang='lat' dir='ltr'>Porr0,</span> <span class='ocrx_word' id='word_1_41' title='bbox 858 928 935 1000; x_wconf 91' lang='lat' dir='ltr'>quod</span> <span class='ocrx_word' id='word_1_42' title='bbox 957 929 1052 986; x_wconf 90' lang='lat' dir='ltr'>locum</span> 
     </span>
     <span class='ocr_line' id='line_1_8' title="bbox 239 1022 835 1095; baseline -0.002 -15"><span class='ocrx_word' id='word_1_43' title='bbox 239 1023 355 1080; x_wconf 89' lang='lat' dir='ltr'>Alicubi</span> <span class='ocrx_word' id='word_1_44' title='bbox 377 1024 407 1080; x_wconf 94' lang='lat' dir='ltr'>in</span> <span class='ocrx_word' id='word_1_45' title='bbox 431 1024 517 1081; x_wconf 89' lang='lat' dir='ltr'>terris</span> <span class='ocrx_word' id='word_1_46' title='bbox 540 1023 671 1095; x_wconf 88' lang='lat' dir='ltr'>postulas</span> <span class='ocrx_word' id='word_1_47' title='bbox 694 1022 748 1079; x_wconf 91' lang='lat' dir='ltr'>tibi</span> <span class='ocrx_word' id='word_1_48' title='bbox 772 1022 835 1080; x_wconf 88' lang='lat' dir='ltr'>dari</span> 
     </span>
     <span class='ocr_line' id='line_1_9' title="bbox 237 1115 1015 1190; baseline -0.003 -16"><span class='ocrx_word' id='word_1_49' title='bbox 237 1117 338 1190; x_wconf 88' lang='lat' dir='ltr'>Neque</span> <span class='ocrx_word' id='word_1_50' title='bbox 362 1117 495 1175; x_wconf 87' lang='lat' dir='ltr'>exsilium</span> <span class='ocrx_word' id='word_1_51' title='bbox 518 1117 639 1190; x_wconf 91' lang='lat' dir='ltr'>amplius</span> <span class='ocrx_word' id='word_1_52' title='bbox 662 1115 740 1174; x_wconf 87' lang='lat' dir='ltr'>ferre</span> <span class='ocrx_word' id='word_1_53' title='bbox 762 1122 857 1188; x_wconf 87' lang='lat' dir='ltr'>potes,</span> <span class='ocrx_word' id='word_1_54' title='bbox 881 1117 930 1174; x_wconf 93' lang='lat' dir='ltr'>vix</span> <span class='ocrx_word' id='word_1_55' title='bbox 952 1115 1015 1186; x_wconf 90' lang='lat' dir='ltr'>tibi,</span> 
     </span>
     <span class='ocr_line' id='line_1_10' title="bbox 239 1210 1138 1284; baseline -0.002 -16"><span class='ocrx_word' id='word_1_56' title='bbox 239 1211 385 1280; x_wconf 80' lang='lat' dir='ltr'>Quantum</span> <span class='ocrx_word' id='word_1_57' title='bbox 408 1228 461 1284; x_wconf 82' lang='lat' dir='ltr'>ego</span> <span class='ocrx_word' id='word_1_58' title='bbox 478 1210 616 1269; x_wconf 84' lang='lat' dir='ltr'>Satanam</span> <span class='ocrx_word' id='word_1_59' title='bbox 638 1211 714 1280; x_wconf 91' lang='lat' dir='ltr'>novi,</span> <span class='ocrx_word' id='word_1_60' title='bbox 743 1215 788 1268; x_wconf 91' lang='lat' dir='ltr'>est</span> <span class='ocrx_word' id='word_1_61' title='bbox 803 1210 932 1267; x_wconf 87' lang='lat' dir='ltr'>futurum</span> <span class='ocrx_word' id='word_1_62' title='bbox 948 1210 1138 1268; x_wconf 89' lang='lat' dir='ltr'>commodum.</span> 
     </span>
     <span class='ocr_line' id='line_1_11' title="bbox 165 1304 880 1374; baseline -0.007 -8"><span class='ocrx_word' id='word_1_63' title='bbox 165 1323 222 1366; x_wconf 78' lang='grc'><strong>3130</strong></span> <span class='ocrx_word' id='word_1_64' title='bbox 236 1305 370 1363; x_wconf 88' lang='lat' dir='ltr'>Discidia</span> <span class='ocrx_word' id='word_1_65' title='bbox 393 1311 423 1363; x_wconf 91' lang='lat' dir='ltr'>et</span> <span class='ocrx_word' id='word_1_66' title='bbox 445 1311 540 1363; x_wconf 89' lang='lat' dir='ltr'>motus</span> <span class='ocrx_word' id='word_1_67' title='bbox 564 1304 705 1363; x_wconf 83' lang='lat' dir='ltr'>excitabis</span> <span class='ocrx_word' id='word_1_68' title='bbox 729 1305 880 1374; x_wconf 78' lang='lat' dir='ltr'>maximoe,</span> 
     </span>
     <span class='ocr_line' id='line_1_12' title="bbox 238 1398 852 1470; baseline -0.008 -10"><span class='ocrx_word' id='word_1_69' title='bbox 238 1399 395 1460; x_wconf 88' lang='lat' dir='ltr'>Bellabunt</span> <span class='ocrx_word' id='word_1_70' title='bbox 418 1400 572 1458; x_wconf 87' lang='lat' dir='ltr'>adversum</span> <span class='ocrx_word' id='word_1_71' title='bbox 594 1403 623 1455; x_wconf 90' lang='lat' dir='ltr'>te</span> <span class='ocrx_word' id='word_1_72' title='bbox 646 1399 739 1470; x_wconf 89' lang='lat' dir='ltr'>plenis</span> <span class='ocrx_word' id='word_1_73' title='bbox 763 1398 852 1468; x_wconf 78' lang='lat' dir='ltr'>tibiis,</span> 
     </span>
     <span class='ocr_line' id='line_1_13' title="bbox 238 1492 1038 1567; baseline -0.003 -16"><span class='ocrx_word' id='word_1_74' title='bbox 238 1493 358 1563; x_wconf 75' lang='lat' dir='ltr'>Gladim,</span> <span class='ocrx_word' id='word_1_75' title='bbox 384 1494 443 1567; x_wconf 85' lang='lat' dir='ltr'>igni</span> <span class='ocrx_word' id='word_1_76' title='bbox 467 1499 496 1551; x_wconf 89' lang='lat' dir='ltr'>et</span> <span class='ocrx_word' id='word_1_77' title='bbox 519 1510 594 1565; x_wconf 90' lang='lat' dir='ltr'>aqua</span> <span class='ocrx_word' id='word_1_78' title='bbox 615 1493 749 1564; x_wconf 90' lang='lat' dir='ltr'>milleque</span> <span class='ocrx_word' id='word_1_79' title='bbox 772 1493 865 1550; x_wconf 92' lang='lat' dir='ltr'>modis</span> <span class='ocrx_word' id='word_1_80' title='bbox 889 1498 918 1550; x_wconf 89' lang='lat' dir='ltr'>te</span> <span class='ocrx_word' id='word_1_81' title='bbox 941 1492 1038 1549; x_wconf 92' lang='lat' dir='ltr'>volent</span> 
     </span>
     <span class='ocr_line' id='line_1_14' title="bbox 236 1586 1140 1659; baseline -0.001 -14"><span class='ocrx_word' id='word_1_82' title='bbox 236 1587 429 1646; x_wconf 85' lang='lat' dir='ltr'>Exstinctam.</span> <span class='ocrx_word' id='word_1_83' title='bbox 455 1588 494 1644; x_wconf 84' lang='lat' dir='ltr'>Vt</span> <span class='ocrx_word' id='word_1_84' title='bbox 515 1587 593 1644; x_wconf 91' lang='lat' dir='ltr'>nulla</span> <span class='ocrx_word' id='word_1_85' title='bbox 615 1587 690 1658; x_wconf 91' lang='lat' dir='ltr'>lupis</span> <span class='ocrx_word' id='word_1_86' title='bbox 715 1604 778 1644; x_wconf 91' lang='lat' dir='ltr'>cum</span> <span class='ocrx_word' id='word_1_87' title='bbox 801 1587 883 1659; x_wconf 85' lang='lat' dir='ltr'>agnis</span> <span class='ocrx_word' id='word_1_88' title='bbox 908 1586 1064 1644; x_wconf 89' lang='lat' dir='ltr'>concordia</span> <span class='ocrx_word' id='word_1_89' title='bbox 1087 1591 1140 1656; x_wconf 87' lang='lat' dir='ltr'>est,</span> 
     </span>
     <span class='ocr_line' id='line_1_15' title="bbox 165 1680 877 1754; baseline 0.004 -19"><span class='ocrx_word' id='word_1_90' title='bbox 165 1692 232 1746; x_wconf 79' lang='lat' dir='ltr'>[naa]</span> <span class='ocrx_word' id='word_1_91' title='bbox 268 1681 316 1739; x_wconf 86' lang='lat' dir='ltr'>Sic</span> <span class='ocrx_word' id='word_1_92' title='bbox 339 1681 393 1738; x_wconf 91' lang='lat' dir='ltr'>tibi</span> <span class='ocrx_word' id='word_1_93' title='bbox 416 1682 632 1754; x_wconf 82' lang='lat' dir='ltr'>mendaciisque</span> <span class='ocrx_word' id='word_1_94' title='bbox 655 1681 734 1738; x_wconf 89' lang='lat' dir='ltr'>nulla</span> <span class='ocrx_word' id='word_1_95' title='bbox 755 1680 877 1740; x_wconf 86' lang='lat' dir='ltr'>foedera</span> 
     </span>
     <span class='ocr_line' id='line_1_16' title="bbox 164 1769 1002 1850; baseline -0.006 -13"><span class='ocrx_word' id='word_1_96' title='bbox 164 1795 221 1838; x_wconf 76' lang='lat' dir='ltr'>erac</span> <span class='ocrx_word' id='word_1_97' title='bbox 237 1775 410 1846; x_wconf 74' lang='lat' dir='ltr'>cohaerent,</span> <span class='ocrx_word' id='word_1_98' title='bbox 435 1777 509 1850; x_wconf 83' lang='lat' dir='ltr'>iugis</span> <span class='ocrx_word' id='word_1_99' title='bbox 534 1778 590 1833; x_wconf 89' lang='lat' dir='ltr'>erit</span> <span class='ocrx_word' id='word_1_100' title='bbox 612 1769 775 1844; x_wconf 82' lang='grc' dir='ltr'><em>ἄσπονδὸς</em></span> <span class='ocrx_word' id='word_1_101' title='bbox 798 1769 1002 1850; x_wconf 66' lang='lat' dir='ltr'>tantisper.</span> 
     </span>
     <span class='ocr_line' id='line_1_17' title="bbox 237 1869 884 1942; baseline -0.002 -15"><span class='ocrx_word' id='word_1_102' title='bbox 237 1871 318 1929; x_wconf 89' lang='lat' dir='ltr'>Haec</span> <span class='ocrx_word' id='word_1_103' title='bbox 340 1871 489 1942; x_wconf 86' lang='lat' dir='ltr'>praedico,</span> <span class='ocrx_word' id='word_1_104' title='bbox 513 1869 604 1927; x_wconf 87' lang='lat' dir='ltr'>futuri</span> <span class='ocrx_word' id='word_1_105' title='bbox 626 1887 662 1927; x_wconf 93' lang='lat' dir='ltr'>ne</span> <span class='ocrx_word' id='word_1_106' title='bbox 686 1871 726 1926; x_wconf 90' lang='lat' dir='ltr'>sis</span> <span class='ocrx_word' id='word_1_107' title='bbox 749 1871 884 1939; x_wconf 68' lang='lat' dir='ltr'>insciens</span> 
     </span>
     <span class='ocr_line' id='line_1_18' title="bbox 237 1963 1060 2038; baseline -0.004 -16"><span class='ocrx_word' id='word_1_108' title='bbox 237 1965 276 2022; x_wconf 85' lang='lat' dir='ltr'>vt.</span> <span class='ocrx_word' id='word_1_109' title='bbox 299 1966 387 2022; x_wconf 87' lang='lat' dir='ltr'>etiam</span> <span class='ocrx_word' id='word_1_110' title='bbox 410 1969 496 2038; x_wconf 87' lang='lat' dir='ltr'>atque</span> <span class='ocrx_word' id='word_1_111' title='bbox 520 1965 617 2033; x_wconf 86' lang='lat' dir='ltr'>etiam,</span> <span class='ocrx_word' id='word_1_112' title='bbox 642 1964 711 2036; x_wconf 92' lang='lat' dir='ltr'>quid</span> <span class='ocrx_word' id='word_1_113' title='bbox 734 1981 813 2036; x_wconf 78' lang='lat' dir='ltr'>agae,</span> <span class='ocrx_word' id='word_1_114' title='bbox 837 1969 918 2022; x_wconf 88' lang='lat' dir='ltr'>recte</span> <span class='ocrx_word' id='word_1_115' title='bbox 941 1963 1060 2036; x_wconf 85' lang='lat' dir='ltr'>cogites.</span> 
     </span>
     <span class='ocr_line' id='line_1_19' title="bbox 238 2058 1025 2131; baseline 0 -16"><span class='ocrx_word' id='word_1_116' title='bbox 238 2058 305 2117; x_wconf 89' lang='lat' dir='ltr'>Non</span> <span class='ocrx_word' id='word_1_117' title='bbox 328 2060 426 2117; x_wconf 85' lang='lat' dir='ltr'>venies</span> <span class='ocrx_word' id='word_1_118' title='bbox 450 2059 487 2117; x_wconf 85' lang='lat' dir='ltr'>ad</span> <span class='ocrx_word' id='word_1_119' title='bbox 510 2075 611 2131; x_wconf 86' lang='lat' dir='ltr'>pacem</span> <span class='ocrx_word' id='word_1_120' title='bbox 635 2063 685 2116; x_wconf 91' lang='lat' dir='ltr'>aut</span> <span class='ocrx_word' id='word_1_121' title='bbox 708 2059 813 2116; x_wconf 87' lang='lat' dir='ltr'>choros</span> <span class='ocrx_word' id='word_1_122' title='bbox 837 2063 888 2116; x_wconf 92' lang='lat' dir='ltr'>aut</span> <span class='ocrx_word' id='word_1_123' title='bbox 910 2058 1025 2130; x_wconf 82' lang='lat' dir='ltr'>gaudia,</span> 
     </span>
     <span class='ocr_line' id='line_1_20' title="bbox 237 2153 1011 2212; baseline -0.004 -1"><span class='ocrx_word' id='word_1_124' title='bbox 237 2153 295 2211; x_wconf 87' lang='lat' dir='ltr'>Sed</span> <span class='ocrx_word' id='word_1_125' title='bbox 319 2154 445 2212; x_wconf 90' lang='lat' dir='ltr'>omnium</span> <span class='ocrx_word' id='word_1_126' title='bbox 467 2155 497 2210; x_wconf 95' lang='lat' dir='ltr'>in</span> <span class='ocrx_word' id='word_1_127' title='bbox 520 2154 661 2210; x_wconf 88' lang='lat' dir='ltr'>malorum</span> <span class='ocrx_word' id='word_1_128' title='bbox 685 2153 847 2210; x_wconf 87' lang='lat' dir='ltr'>conluviem</span> <span class='ocrx_word' id='word_1_129' title='bbox 870 2158 900 2210; x_wconf 89' lang='lat' dir='ltr'>et</span> <span class='ocrx_word' id='word_1_130' title='bbox 922 2169 1011 2210; x_wconf 90' lang='lat' dir='ltr'>mare.</span> 
     </span>
     <span class='ocr_line' id='line_1_21' title="bbox 577 2247 729 2306; baseline -0.007 -3"><span class='ocrx_word' id='word_1_131' title='bbox 577 2247 729 2306; x_wconf 87' lang='lat' dir='ltr'>Veritas.</span> 
     </span>
     <span class='ocr_line' id='line_1_22' title="bbox 164 2341 974 2403; baseline -0.007 0"><span class='ocrx_word' id='word_1_132' title='bbox 164 2359 223 2403; x_wconf 85' lang='grc'><strong>3130</strong></span> <span class='ocrx_word' id='word_1_133' title='bbox 237 2341 413 2400; x_wconf 84' lang='lat' dir='ltr'>Immortalis</span> <span class='ocrx_word' id='word_1_134' title='bbox 437 2360 508 2400; x_wconf 87' lang='lat' dir='ltr'>sum.</span> <span class='ocrx_word' id='word_1_135' title='bbox 533 2343 668 2399; x_wconf 89' lang='lat' dir='ltr'>Monstra</span> <span class='ocrx_word' id='word_1_136' title='bbox 692 2342 845 2399; x_wconf 84' lang='lat' dir='ltr'>dumtaxat</span> <span class='ocrx_word' id='word_1_137' title='bbox 866 2341 974 2399; x_wconf 91' lang='lat' dir='ltr'>locum:</span> 
     </span>
     <span class='ocr_line' id='line_1_23' title="bbox 237 2435 1040 2508; baseline -0.005 -14"><span class='ocrx_word' id='word_1_138' title='bbox 237 2435 362 2494; x_wconf 88' lang='lat' dir='ltr'>Satanae</span> <span class='ocrx_word' id='word_1_139' title='bbox 387 2442 416 2494; x_wconf 91' lang='lat' dir='ltr'>et</span> <span class='ocrx_word' id='word_1_140' title='bbox 439 2437 618 2494; x_wconf 90' lang='lat' dir='ltr'>Pammachii</span> <span class='ocrx_word' id='word_1_141' title='bbox 640 2435 726 2494; x_wconf 85' lang='lat' dir='ltr'>facile</span> <span class='ocrx_word' id='word_1_142' title='bbox 749 2435 863 2493; x_wconf 88' lang='lat' dir='ltr'>furores</span> <span class='ocrx_word' id='word_1_143' title='bbox 885 2435 1040 2508; x_wconf 83' lang='lat' dir='ltr'>perferam.</span> 
     </span>
     <span class='ocr_line' id='line_1_24' title="bbox 566 2530 741 2587; baseline 0.006 -1"><span class='ocrx_word' id='word_1_144' title='bbox 566 2530 741 2587; x_wconf 80' lang='lat' dir='ltr'>Christus</span> 
     </span>
     <span class='ocr_line' id='line_1_25' title="bbox 237 2624 1075 2697; baseline 0.001 -18"><span class='ocrx_word' id='word_1_145' title='bbox 237 2624 275 2680; x_wconf 86' lang='lat' dir='ltr'>Vt</span> <span class='ocrx_word' id='word_1_146' title='bbox 297 2625 349 2681; x_wconf 92' lang='lat' dir='ltr'>vis.</span> <span class='ocrx_word' id='word_1_147' title='bbox 375 2625 615 2697; x_wconf 77' lang='lat' dir='ltr'>Quandoquidem</span> <span class='ocrx_word' id='word_1_148' title='bbox 639 2626 727 2681; x_wconf 89' lang='lat' dir='ltr'>etiam</span> <span class='ocrx_word' id='word_1_149' title='bbox 751 2625 859 2696; x_wconf 92' lang='lat' dir='ltr'>alioqui</span> <span class='ocrx_word' id='word_1_150' title='bbox 884 2629 998 2694; x_wconf 88' lang='lat' dir='ltr'>tempus</span> <span class='ocrx_word' id='word_1_151' title='bbox 1022 2628 1075 2692; x_wconf 90' lang='lat' dir='ltr'>est,</span> 
     </span>
     <span class='ocr_line' id='line_1_26' title="bbox 237 2717 986 2790; baseline 0.001 -16"><span class='ocrx_word' id='word_1_152' title='bbox 237 2717 276 2774; x_wconf 88' lang='lat' dir='ltr'>Vt</span> <span class='ocrx_word' id='word_1_153' title='bbox 298 2718 424 2776; x_wconf 86' lang='lat' dir='ltr'>Satanae</span> <span class='ocrx_word' id='word_1_154' title='bbox 447 2719 581 2776; x_wconf 87' lang='lat' dir='ltr'>turbetur</span> <span class='ocrx_word' id='word_1_155' title='bbox 603 2735 724 2790; x_wconf 79' lang='lat' dir='ltr'>regnum</span> <span class='ocrx_word' id='word_1_156' title='bbox 747 2724 806 2776; x_wconf 89' lang='lat' dir='ltr'>tam</span> <span class='ocrx_word' id='word_1_157' title='bbox 829 2734 986 2790; x_wconf 89' lang='lat' dir='ltr'>prosperos</span> 
     </span>
     <span class='ocr_line' id='line_1_27' title="bbox 237 2811 977 2884; baseline 0.001 -16"><span class='ocrx_word' id='word_1_158' title='bbox 237 2811 394 2870; x_wconf 88' lang='lat' dir='ltr'>Tolerante</span> <span class='ocrx_word' id='word_1_159' title='bbox 417 2813 495 2870; x_wconf 92' lang='lat' dir='ltr'>haud</span> <span class='ocrx_word' id='word_1_160' title='bbox 519 2813 641 2884; x_wconf 88' lang='lat' dir='ltr'>amplius</span> <span class='ocrx_word' id='word_1_161' title='bbox 666 2830 766 2870; x_wconf 87' lang='lat' dir='ltr'>cursus</span> <span class='ocrx_word' id='word_1_162' title='bbox 790 2813 977 2881; x_wconf 85' lang='lat' dir='ltr'>Rhamnusia,</span> 
     </span>
     <span class='ocr_line' id='line_1_28' title="bbox 166 2905 616 2966; baseline -0.009 0"><span class='ocrx_word' id='word_1_163' title='bbox 166 2923 224 2966; x_wconf 78' lang='lat'><strong>3135</strong></span> <span class='ocrx_word' id='word_1_164' title='bbox 239 2905 412 2965; x_wconf 85' lang='lat' dir='ltr'>Monstrabo</span> <span class='ocrx_word' id='word_1_165' title='bbox 435 2907 489 2964; x_wconf 90' lang='lat' dir='ltr'>tibi</span> <span class='ocrx_word' id='word_1_166' title='bbox 512 2908 616 2964; x_wconf 89' lang='lat' dir='ltr'>locum.</span> 
     </span>
     <span class='ocr_line' id='line_1_29' title="bbox 577 3001 729 3058; baseline -0.013 -1"><span class='ocrx_word' id='word_1_167' title='bbox 577 3001 729 3058; x_wconf 88' lang='lat' dir='ltr'>Veritas.</span> 
     </span>
     <span class='ocr_line' id='line_1_30' title="bbox 620 3094 1023 3166; baseline -0.005 -14"><span class='ocrx_word' id='word_1_168' title='bbox 620 3095 713 3166; x_wconf 84' lang='lat' dir='ltr'>Rogo,</span> <span class='ocrx_word' id='word_1_169' title='bbox 739 3094 863 3163; x_wconf 89' lang='lat' dir='ltr'>domine,</span> <span class='ocrx_word' id='word_1_170' title='bbox 888 3098 920 3151; x_wconf 95' lang='lat' dir='ltr'>ut</span> <span class='ocrx_word' id='word_1_171' title='bbox 942 3094 1023 3152; x_wconf 88' lang='lat' dir='ltr'>velis.</span> 
     </span>
     <span class='ocr_line' id='line_1_31' title="bbox 571 3189 745 3246; baseline -0.006 0"><span class='ocrx_word' id='word_1_172' title='bbox 571 3189 745 3246; x_wconf 86' lang='lat' dir='ltr'>Christus.</span> 
     </span>
     <span class='ocr_line' id='line_1_32' title="bbox 238 3281 556 3341; baseline 0.003 -2"><span class='ocrx_word' id='word_1_173' title='bbox 238 3283 327 3340; x_wconf 86' lang='lat' dir='ltr'>Vides</span> <span class='ocrx_word' id='word_1_174' title='bbox 352 3281 556 3341; x_wconf 80' lang='lat' dir='ltr'>Germaniam?</span> 
     </span>
     <span class='ocr_line' id='line_1_33' title="bbox 576 3378 731 3435; baseline -0.013 0"><span class='ocrx_word' id='word_1_175' title='bbox 576 3378 731 3435; x_wconf 76' lang='lat' dir='ltr'>Veritas</span> 
     </span>
     <span class='ocr_line' id='line_1_34' title="bbox 549 3471 652 3528; baseline 0 0"><span class='ocrx_word' id='word_1_176' title='bbox 549 3471 652 3528; x_wconf 91' lang='lat' dir='ltr'>Video.</span> 
     </span>
     <span class='ocr_line' id='line_1_35' title="bbox 570 3565 745 3622; baseline -0.017 0"><span class='ocrx_word' id='word_1_177' title='bbox 570 3565 745 3622; x_wconf 86' lang='lat' dir='ltr'>Christus.</span> 
     </span>
     <span class='ocr_line' id='line_1_36' title="bbox 622 3656 914 3716; baseline -0.01 0"><span class='ocrx_word' id='word_1_178' title='bbox 622 3660 670 3716; x_wconf 88' lang='lat' dir='ltr'>Ad</span> <span class='ocrx_word' id='word_1_179' title='bbox 691 3659 812 3716; x_wconf 90' lang='lat' dir='ltr'>boream</span> <span class='ocrx_word' id='word_1_180' title='bbox 834 3656 914 3714; x_wconf 86' lang='lat' dir='ltr'>videl</span> 
     </span>
    </p>
   </div>
   <div class='ocr_carea' id='block_1_3' title="bbox 0 0 1416 4196">
    <p class='ocr_par' dir='ltr' id='par_1_3' title="bbox 0 0 1416 4196">
     <span class='ocr_line' id='line_1_37' title="bbox 0 0 1416 4196; baseline 0 1"><span class='ocrx_word' id='word_1_181' title='bbox 0 0 1416 4196; x_wconf 95' lang='lat' dir='ltr'> </span> 
     </span>
    </p>
   </div>
  </div>
 </body>
</html>
