2824 4196
312 291 526 348 nicenorum,
549 291 755 335 PAMMAGHIVS.
779 279 833 348 Ill,
860 279 891 352 63
916 279 964 348 IV,
993 281 1018 336 1.
1095 280 1153 337 125

587 466 747 524 Satanas.

252 563 346 620 Audis
370 528 446 619 boc?

543 673 795 731 Pammachius,

431 769 570 841 Magnum
592 767 722 825 hercule!

512 955 513 960 η
589 879 749 938 Satanas.

697 973 781 1031 Nunc
804 991 863 1031 non
885 991 929 1032 me
952 974 1083 1046 paenitet

253 1071 357 1128 Fuisse
381 1069 590 1142 aliquantisper
612 1068 739 1125 vinctum
763 1073 792 1126 et
814 1069 862 1125 vix
886 1068 1008 1142 denique

177 1185 239 1229 2000
256 1165 396 1233 Solutum,
422 1181 485 1220 cum
508 1180 554 1220 me
577 1166 660 1220 tanta
682 1163 756 1220 hacc
780 1164 928 1234 excipiunt
949 1163 1035 1222 bona.

255 1261 336 1318 Nihil
359 1275 473 1332 queror.
499 1259 561 1316 lam
584 1258 674 1315 altum
696 1258 796 1315 licebit
819 1264 952 1327 stertere,

256 1357 318 1413 Nec
342 1354 475 1412 Christus
499 1353 621 1424 amplius
646 1353 702 1410 erit
723 1351 926 1410 formidabilis.

257 1449 315 1507 Sed
338 1450 416 1521 agite
439 1465 548 1516 omnes
574 1452 720 1504 tantarum
744 1441 902 1504 ἐπινίκιον

259 1544 481 1616 Triumphemus
505 1542 734 1614 trophaeumque
758 1543 902 1614 erigamus
926 1547 955 1599 et

182 1659 243 1702 2795
258 1641 341 1697 Haec
363 1654 468 1709 magna
490 1638 520 1694 in
542 1636 633 1693 iubilo
658 1636 836 1694 celebremus
860 1637 975 1708 gaudia,

258 1735 297 1790 Vt
319 1733 387 1790 inde
409 1733 501 1789 virtus
525 1732 669 1789 excitetur
691 1732 818 1788 omnium
898 1739 904 1750 ·

259 1829 355 1886 Istaec
377 1827 453 1884 tucri
476 1832 561 1898 parta
584 1830 614 1884 et
636 1827 748 1883 maiora
770 1825 888 1897 parere!

470 2151 594 2209 AOTVS
617 2150 666 2207 IV.
713 2148 841 2207 SCENA
865 2149 887 2206 Ι.

429 2289 666 2347 Parrhesia.
745 2287 925 2344 Veritas.

574 2442 779 2500 Parrhesia.

262 2540 339 2598 Vere
362 2538 472 2596 dictum
495 2542 554 2594 est:
578 2531 665 2612 σιγῆς
686 2529 860 2593 ἀκίνδυνον
881 2533 982 2620 χέρας.

259 2635 390 2692 Deorum
412 2632 520 2689 mundo
543 2631 739 2702 acceptiorem
761 2630 904 2686 neminem

189 2749 247 2793 2000
261 2730 446 2800 Harpocrate
470 2743 534 2784 esse
556 2741 639 2797 reor;
664 2725 706 2781 sic
728 2723 789 2780 vult
811 2723 925 2781 laudari
948 2740 1009 2792 sua,

264 2823 312 2882 Sic
335 2822 444 2894 absque
468 2819 699 2878 contradictione
723 2835 775 2875 sua
798 2818 901 2889 accipi.

261 2919 327 2990 Ego
351 2917 418 2989 quia
440 2916 488 2973 vix
510 2913 645 2983 mussavi,
660 2912 821 2984 tuberibus
844 2912 915 2969 mihi

192 3023 250 3080 [raa]
285 3011 380 3084 Caput
403 3009 539 3080 effloruit,
566 3009 656 3066 evulsi
680 3008 768 3065 etiarn
790 3007 914 3064 miserae
937 3008 997 3080 pili,

263 3107 367 3165 Facies
392 3106 547 3176 deturpata
569 3105 639 3161 luto.
664 3102 746 3160 Haec
768 3100 864 3159 refero
887 3103 1017 3173 praemia

191 3202 288 3264 20000
312 3201 417 3273 impios
441 3199 597 3271 sophistae,
622 3196 765 3254 scelerata
788 3196 893 3267 capita,

263 3296 377 3354 Hocine
401 3295 506 3351 docere
529 3310 580 3351 vos
605 3297 634 3350 et
656 3295 738 3348 tanta
761 3290 885 3348 audacia

264 3392 370 3463 Agere,
394 3394 427 3446 ut
449 3389 561 3460 linguas
585 3387 745 3445 coerceatis
770 3385 909 3442 omnium!

604 3497 756 3554 Veritas.

265 3597 348 3668 Hem,
373 3595 539 3662 Parrhasia,
564 3592 632 3664 quid
654 3593 730 3648 istuc
754 3595 882 3660 ornatus,
906 3588 999 3664 rogo?

266 3691 343 3749 Num
365 3690 448 3762 lapsa
471 3706 502 3747 cs
525 3685 633 3746 alicubi
655 3687 685 3742 in
707 3682 818 3742 lutum?
