2824 4188
399 281 614 341 naoouoaevs
637 283 842 328 rarrnaonivs.
867 272 890 341 Ι,
919 275 943 328 1.
1120 274 1156 330 15

241 463 275 518 ln
297 461 375 517 nullo
400 460 584 516 conlocantes
609 458 671 515 solo
695 475 775 530 spem
799 475 889 516 suam.

242 556 358 628 Magnis
382 554 486 610 surdos
509 553 707 610 inclamabunt
728 553 865 609 boatibus

242 649 380 708 Persuasi
401 647 483 705 falsis
506 647 615 704 inimici
638 647 785 704 miraculis

242 745 282 802 Vt
305 744 372 801 olim
394 743 426 799 in
447 742 540 798 Israel
562 741 733 798 sacerdotes
755 740 837 798 Baal.
883 793 886 800 ,

607 852 744 909 Petrus.

187 951 324 1020 1soQuae
358 949 420 1017 illa,
449 947 602 1019 magister,
632 952 717 1004 erunt
743 947 874 1015 nomina,
899 964 1021 1020 quaeso,
1049 954 1100 1006 aut
1133 951 1163 1006 in

802 1041 904 1113 quibus

243 1139 290 1196 Ad
314 1155 349 1195 ea
370 1137 502 1193 homines
527 1140 644 1192 current
665 1133 909 1192 necessitatibus?

590 1245 766 1312 Christus,

245 1343 402 1414 Catalogus
425 1341 572 1398 nominum
595 1357 688 1411 paene
711 1339 841 1396 infinitus
865 1347 918 1398 est.

244 1435 442 1509 Appellabunt
464 1435 571 1507 partim
593 1434 671 1491 bona
695 1451 785 1506 opera
808 1440 837 1491 et
860 1436 986 1507 ordines,

245 1533 356 1588 Partim
379 1531 484 1587 merita
507 1535 537 1586 et
559 1527 742 1586 adflictiones
767 1530 907 1600 corporis

189 1647 230 1688 185
246 1626 389 1694 (lucullos,
413 1624 664 1696 peregrinationes
688 1628 718 1680 et
740 1639 842 1694 preces

245 1722 390 1778 Rosarum
413 1719 506 1776 dictas
529 1719 645 1775 nomine
668 1717 812 1788 horasque
837 1719 999 1787 canonicas,

247 1815 367 1883 Ieiunia,
393 1813 567 1871 caelibatum
590 1818 676 1883 atque
699 1811 904 1884 indulgentias

189 1921 256 1974 [aaa]
279 1910 396 1977 Missas,
421 1905 573 1975 sacrificia,
599 1905 801 1964 defunctorum
823 1906 936 1977 vigilias

246 2005 287 2062 Et
309 2003 422 2075 aquilae
445 2001 563 2058 tandem
588 2005 776 2057 consecratae
800 2000 977 2072 aspergines

190 2119 231 2160 too
246 2099 294 2156 Ao
317 2099 409 2154 istaec
431 2101 618 2168 peccatorum
641 2095 735 2166 pressi
757 2094 888 2165 pondere

245 2193 406 2264 Diffugient
429 2191 612 2262 adflictisque
636 2189 820 2246 conscientiis

247 2287 401 2346 Eiusmodi
423 2286 504 2343 vanis
527 2283 672 2356 putabunt
695 2283 814 2341 consuli.

611 2395 752 2452 Paulus

249 2495 374 2550 Prorsus
396 2491 538 2562 inaudita,
562 2491 711 2562 magister,
736 2489 808 2546 dicis
831 2489 957 2545 nomina.

595 2602 768 2658 Christus,

249 2699 311 2756 Nec
334 2699 447 2766 mirum,
471 2697 570 2763 Paule,
595 2697 619 2753 si
643 2696 692 2752 illa
714 2695 858 2766 ignorasti
880 2694 1029 2750 hactenus.

194 2811 235 2854 195
251 2793 390 2850 Homines
414 2785 576 2870 ἀλφησταὶ
601 2795 728 2861 surgent,
753 2806 824 2860 quos
848 2793 880 2844 tu
904 2788 1000 2845 dicere

253 2887 335 2944 Soles
358 2881 530 2965 ἐφευρετὰς
552 2881 668 2953 κακῶν,
693 2884 741 2956 qui
765 2883 888 2954 simplici

251 2982 384 3053 Senaque
407 2981 476 3038 fidoi
500 2980 633 3036 doctrina
656 2979 735 3035 haud
758 2977 888 3035 contenti
911 2980 1004 3033 eruut.

616 3091 754 3147 Paulus.

251 3188 292 3244 Et
314 3187 359 3243 his
383 3187 442 3244 suis
465 3186 589 3243 inventis
614 3191 699 3256 atque
724 3184 842 3241 somniis

251 3282 463 3339 Remissionem
485 3286 673 3352 peccatorum
696 3279 834 3350 consequi

193 3396 237 3438 aoo
253 3377 290 3434 Se
313 3393 400 3448 posse
424 3373 603 3447 sperabunt?

598 3484 771 3542 Christus.

629 3579 677 3635 Nil
701 3577 881 3649 exploratius

253 3677 420 3745 Habebunt,
445 3675 543 3743 Paule,
569 3691 653 3745 quam
676 3674 768 3730 istaec
790 3672 887 3742 magni
909 3669 1047 3742 ponderis
