2824 4196
353 276 567 332 6666666666,
590 277 796 322 6666666666.
822 267 875 336 Ill,
905 271 928 323 1.
1090 271 1127 328 71

226 453 267 510 Et
289 470 399 525 agrum,
424 470 480 525 qno
504 458 646 522 crescant,
670 452 873 511 fecundavem's
896 453 979 512 fimo!

234 548 289 618 Qui
313 549 355 605 616
379 564 409 604 66
432 548 567 617 166111611,
593 553 653 604 tum
677 548 792 605 demum
814 567 883 606 rere
907 555 951 607 est
974 550 1074 607 malus

573 642 713 700 Nestor.

229 737 315 796 Certe
338 737 541 794 Pammachius
564 738 593 794 in
617 737 661 794 his
684 739 781 810 inique
809 739 927 810 cogitat,

152 851 212 894 1665
229 832 295 890 Sive
319 849 336 889 a
359 849 390 889 se
414 832 477 902 ipso
501 832 561 888 sive
585 832 642 889 6116
666 832 807 890 suadente
830 833 860 888 in
883 835 1008 890 animum

228 928 360 984 Inducat.
386 926 426 983 Te
450 927 506 983 hoc
529 943 641 998 curare,
666 925 784 997 Caesar,
810 929 952 996 convenit,

228 1022 268 1078 Vt
289 1021 394 1078 merito
419 1037 533 1091 semper
554 1021 703 1092 Augustus
728 1021 827 1078 dicare
850 1040 905 1079 nec

229 1115 327 1173 Rebus
351 1115 420 1187 quid
442 1131 496 1186 per
518 1119 547 1172 16
571 1114 744 1172 detrahatur
765 1115 897 1187 publicis.

229 1211 392 1282 Episcopos
417 1209 474 1267 alio
498 1225 602 1266 ornare
625 1211 735 1280 poteris
758 1211 855 1279 modo,

156 1324 214 1366 1570
230 1305 269 1360 Vt
290 1303 360 1362 fidei
384 1309 412 1361 et
435 1304 507 1374 ipsis
530 1305 624 1375 possit
647 1321 711 1361 esse
735 1306 927 1362 commodum.

229 1399 275 1456 1111
288 1392 387 1456 'verbo
412 1403 441 1454 et
465 1399 599 1455 doctrina
620 1399 752 1470 praesint
774 1400 916 1469 omnibus

228 1494 362 1551 Doceant
384 1492 559 1562 incredulos,
584 1493 738 1549 hortentur
761 1494 904 1563 credulos

229 1589 330 1660 Neque
354 1588 396 1644 sic
418 1587 619 1644 laborantibus
643 1587 737 1644 honor
760 1588 836 1644 desit
860 1589 974 1660 duplex.

229 1683 273 1740 Tu
295 1684 408 1739 interea
432 1681 603 1754 dignitatem
627 1698 781 1738 conserves
805 1688 892 1740 tuam.

159 1796 216 1838 1675
231 1777 332 1850 Neque
356 1777 432 1834 enim
454 1776 511 1832 hoc
532 1771 606 1832 fides
630 1777 761 1848 requirit,
788 1781 821 1833 ut
843 1778 930 1835 cedas
954 1779 1018 1835 loco
1070 1843 1073 1850 ,

231 1873 291 1929 Aut
313 1871 432 1928 deseras
455 1871 608 1941 imperium
632 1877 682 1927 aut
703 1872 826 1940 minuas
851 1873 902 1929 sed
925 1873 955 1929 in
978 1890 1012 1930 eo

232 1967 271 2022 Vt
293 1965 595 2036 inreprehensibiliter
616 1969 645 2022 te
669 1983 784 2037 semper
806 1983 900 2037 geras

270 2061 350 2118 Istuc
373 2060 461 2117 etiam
485 2077 583 2117 omnes
608 2059 716 2117 debent
738 2061 979 2129 animadvertere,

232 2156 279 2212 An
301 2171 392 2226 regna
414 2155 541 2226 66616616
564 2155 729 2226 relinquant
751 2155 874 2226 integra,

159 2269 217 2312 1660
232 2251 336 2319 Aucta,
362 2249 501 2306 decorata
524 2254 554 2305 et
576 2254 681 2320 666616
704 2254 790 2321 atque
813 2267 850 2306 an
873 2255 989 2307 strenue

231 2344 319 2401 Suum
342 2344 372 2400 in
394 2343 450 2400 hoo
472 2343 579 2400 mundo
604 2342 782 2401 confecerint
804 2362 906 2401 munus
930 2346 991 2402 sine

231 2438 323 2496 Facto
347 2438 452 2509 alique,
477 2438 555 2510 quod
577 2438 640 2494 iure
663 2439 838 2508 reprehendi
860 2441 979 2510 possiet.

233 2533 459 2589 Commissorum
481 2549 604 2603 namque
629 2532 699 2588 deus
723 2534 866 2590 rationem
889 2534 999 2605 exiget:

160 2637 227 2692 [666]
251 2627 375 2698 lgnavos
399 2626 462 2683 odit
485 2631 514 2683 et
537 2631 689 2683 aversatur
710 2627 858 2698 prodigos

161 2741 219 2783 1665
234 2721 351 2778 Fideles
374 2721 405 2778 in
427 2720 538 2777 cunctis
561 2715 745 2796 οἰκονόμους
768 2721 870 2792 diligit.

231 2818 271 2873 At
294 2814 409 2872 conlata
430 2816 521 2886 ipsius
545 2819 624 2872 sorte
648 2831 747 2872 omnes
769 2816 885 2871 utimur.

273 2909 387 2967 Deinde
411 2911 507 2978 etiam,
532 2910 649 2966 tametsi
673 2910 788 2966 dederis
816 2910 957 2979 omnibus,

234 3004 436 3076 Quaecumque
459 3009 570 3074 petunt,
596 3008 625 3061 ot
647 3005 678 3060 id
701 3005 807 3060 iratum
831 3005 957 3061 habeant
980 3005 1135 3076 principes,

233 3099 288 3168 Qui
314 3099 380 3166 scis,
405 3116 442 3154 an
466 3098 683 3155 successoribus
706 3099 783 3155 idem
806 3100 919 3169 placeat
943 3107 992 3156 aut

162 3213 219 3255 1666
234 3193 376 3250 Lauderis
399 3210 417 3250 a
439 3193 497 3248 tuis
520 3199 677 3264 propterea
699 3190 875 3250 heredibus?

233 3288 283 3344 Nil
306 3288 419 3359 dignius
442 3287 519 3344 bono
543 3288 613 3356 viro,
639 3304 723 3359 quarn
746 3293 779 3344 ut
801 3288 914 3344 naviter

234 3382 274 3438 Et
295 3382 443 3453 praesenti
467 3387 496 3438 et
518 3379 633 3438 futurae
656 3381 751 3439 famae
775 3382 915 3439 consulat.

233 3477 354 3534 Famam
377 3476 452 3532 solet
473 3492 578 3546 parare
601 3475 771 3532 liberalitas.

233 3570 387 3642 Nunquam
409 3570 555 3638 laudatur,
580 3570 631 3627 sed
655 3571 768 3628 ridetur
793 3571 931 3642 prodigus

160 3683 217 3725 1695
234 3665 273 3720 Et
295 3669 437 3736 perpetuo
461 3665 601 3721 heredum
624 3665 777 3735 sugillatur
799 3665 876 3722 odio.
