2824 4196
356 293 570 353 nnoososevs
592 296 797 342 Pnnnnomvs.
821 285 874 356 III,
900 287 928 343 5.
1074 289 1131 345 117

534 471 762 544 Porphyrius.

519 566 566 622 Ex
588 567 633 623 his
656 568 714 624 iarn
736 571 822 639 pater
842 568 986 640 intellegit

232 661 274 718 Te
298 677 362 718 esse
386 660 581 720 orthodoxum
605 662 739 734 nullaque
761 660 900 720 infectum
923 663 1048 722 haeresi.

157 773 217 817 aoao
232 756 283 812 Vis
306 756 396 828 igitur
417 756 493 813 illius
516 774 620 829 parere
644 753 809 830 dogmatis?

231 850 301 908 Dio:
325 851 400 909 volo.

564 955 731 1012 Iulianus.

409 1039 492 1096 Volo.

535 1141 765 1215 Porphyrius.

512 1236 563 1293 Vis
586 1239 735 1309 regionem
757 1237 880 1294 Tusciae
904 1241 934 1294 et
956 1236 1037 1295 Petri

233 1330 444 1389 Patrimonium
466 1332 621 1388 restituere
645 1337 675 1389 et
698 1331 864 1400 defendere,

234 1425 265 1483 si
289 1426 352 1498 quis
375 1442 475 1498 regum
497 1425 568 1484 illud
590 1427 730 1484 invaserit
753 1431 803 1484 aut
825 1422 1007 1498 principum?

549 1565 551 1571 v
564 1538 705 1594 Iuliano
713 1555 736 1594 s,

234 1631 317 1690 Volo.

534 1734 765 1806 Porphyrius.

317 1829 368 1885 Vis
392 1828 550 1886 dominium
573 1829 684 1886 Rornae
706 1829 748 1885 1111
771 1828 941 1898 concedere,

162 1942 220 1986 2635
235 1924 275 1980 Vt
298 1922 483 1981 Constantini
504 1924 635 1994 postulat
657 1923 787 1992 donatio,

234 2019 296 2076 Nec
319 2018 443 2076 Romam
464 2018 521 2075 nisi
543 2023 663 2075 vocatus
687 2018 824 2074 advenire
847 2034 902 2074 nec

234 2113 378 2171 Dimissus
402 2112 450 2169 hic
472 2112 594 2170 haerere
618 2113 668 2170 diu
692 2130 744 2170 ceu
767 2113 796 2169 in
820 2112 907 2170 domo
1005 2163 1007 2168 .

235 2209 295 2266 Aut
317 2208 389 2266 urbe
413 2205 528 2265 alieno?

567 2309 735 2367 lulianus.

525 2405 608 2462 Volo.

535 2516 766 2587 Porphyrius

596 2610 647 2667 Vis
671 2628 717 2667 res
742 2610 891 2679 ecclesiae,

235 2707 451 2779 Episcoporum
473 2705 669 2774 investituras,
693 2705 790 2776 pallia,

164 2820 223 2863 2640
238 2801 391 2869 Abbatias,
416 2800 598 2872 praelaturas
622 2805 651 2856 et
673 2799 792 2870 negotia

234 2895 445 2954 Ecclesiastico
467 2895 498 2951 in
519 2895 685 2951 universum
708 2881 822 2950 cedere¹

236 2991 368 3048 Romano
391 2988 522 3060 pontifici
546 2993 576 3046 et
598 2989 662 3045 aliis
685 2984 852 3060 episcopis?

570 3099 739 3156 Iulianus

237 3196 320 3254 Volo.

540 3296 769 3368 Porphyrius.

370 3392 421 3449 Vis
444 3407 550 3463 papam
572 3397 605 3446 ut
627 3396 707 3448 tuum
730 3395 903 3460 tuorumque
927 3386 1073 3445 dominum

237 3483 427 3560 Agnoscere?
450 3485 519 3542 Dic:
544 3486 618 3542 volo.

570 3597 743 3653 lulianus.

629 3691 712 3748 Volo.
