2824 4196
375 274 587 331 snoouoncvs
611 273 817 318 nnnarncmvs.
842 259 891 329 IV,
916 262 944 317 4.
1091 263 1147 316 145

594 449 732 505 Dromo.

247 544 356 617 Legem
378 544 491 616 impleri
513 561 572 600 non
593 559 680 614 posse
703 543 811 598 nostris
834 541 953 610 viribus,

248 641 343 697 Multo
366 639 460 696 minus
482 639 546 710 plus
569 637 634 694 fieri
656 653 743 708 posse
767 653 784 694 a
807 636 951 708 quopiam.

547 757 777 829 Porphyrius,

243 854 271 912 -Ο
294 852 473 910 fatuitatem!

535 961 787 1018 Pammachius.

453 1057 514 1114 Vae
539 1057 680 1113 creaturis
703 1055 789 1113 meisi

592 1176 731 1233 Dromo.

174 1292 232 1334 3230
246 1272 327 1329 Nihil
348 1271 488 1343 prodesse
512 1276 695 1328 sacramenta
718 1270 779 1326 sine
802 1268 859 1326 fide

247 1367 309 1424 Nec
331 1365 484 1422 iustificari
508 1383 543 1422 ex
567 1382 654 1436 opere
678 1369 799 1436 operato
823 1365 994 1436 quempiam.

545 1483 777 1554 Porphyrius,
801 1549 803 1552 Ι

248 1580 271 1638 Ο
296 1581 435 1636 distortos
459 1577 604 1635 homines!

534 1688 788 1746 Pammachius.

603 1783 664 1839 Vae
688 1783 839 1840 doctrinae
862 1784 959 1841 meae!

570 1952 572 1954 .
592 1903 730 1960 Dromo.

245 1999 308 2056 Nec
331 1999 448 2055 missam
472 2013 544 2067 opus
568 1993 641 2066 esse,
666 1997 743 2068 quod
765 1997 837 2053 vivis
865 2003 895 2054 et
916 2001 1037 2056 mortuis

246 2094 293 2150 Ex
316 2109 404 2164 opere
426 2093 490 2162 ipso
515 2092 627 2148 veniam
649 2096 837 2162 peccatorum
864 2093 1008 2164 impetret,

111 2178 114 2182 ¹
174 2207 232 2248 3235
246 2189 308 2246 Nec
330 2192 409 2244 recte
432 2185 540 2256 populo
564 2185 690 2256 speciem
713 2185 845 2242 subtrahi
868 2187 997 2244 alteram.

548 2305 776 2378 Porphyrius.

247 2403 270 2460 O
294 2401 469 2460 Viclevitas!

534 2513 786 2568 Pammachius.

422 2607 493 2674 Vae,
517 2623 570 2662 vae
593 2607 701 2662 nostris
724 2607 883 2664 mercibus!

592 2717 732 2774 Dromo.

246 2814 352 2871 itidem
376 2811 565 2870 confessionis
590 2816 704 2868 vestrae
727 2813 850 2882 mystica
873 2820 902 2871 et

176 2919 242 2972 [nau]
263 2910 331 2966 Alia
353 2908 443 2964 multa
467 2924 556 2964 onera
579 2905 738 2977 reprobant
762 2908 965 2967 conscientiae.

544 3023 774 3100 Porphyrius.

247 3134 270 3190 Ο
293 3133 433 3190 malitiam
456 3131 629 3190 inauditam!

533 3243 786 3301 Pammachius.

626 3338 687 3395 Vae
710 3340 818 3395 nost-ris
842 3343 978 3398 sacculis!

592 3449 729 3506 Dromo.

175 3560 231 3602 3240
246 3543 309 3599 Nec
331 3543 460 3599 invocari
484 3543 566 3600 divos
591 3543 698 3600 debere
726 3545 889 3616 approbant

245 3637 308 3694 Nec
330 3638 580 3708 peregrinationes
603 3655 656 3694 neo
679 3639 787 3694 ieiunia

216 3753 257 3785 Lat.
267 3751 447 3783 Littcruturdankm.
457 3751 473 3784 3.
