2824 4196
393 275 606 336 nnoeaonevs
628 278 834 324 ruuuuourvs
861 267 900 339 ΙΙ,
924 269 952 324 4.
1123 266 1160 324 69

258 451 359 508 Sancti
381 453 467 525 piive‚
481 470 544 532 vper
566 471 639 524 quae
662 455 708 510 ius
731 460 761 510 et
783 455 915 526 aequitas

258 547 351 616 Regni
374 547 507 616 violatur,
531 547 684 616 facturum,
709 549 761 606 sed
783 549 897 606 naviter

259 640 461 713 Quantumque
484 646 583 712 potest
604 641 678 711 fieri,
702 643 802 700 hostes
826 648 856 700 et
878 641 987 700 Christi
1011 644 1107 700 omniu

186 753 242 794 1515
257 734 435 792 Eversurum
459 742 488 792 et
511 737 587 808 quod
610 737 703 793 iuravi
726 737 946 809 inpraesentia

259 829 373 899 Verbis
396 835 613 902 praestaturum
636 831 773 902 operibus
796 833 826 888 in
852 832 994 890 absentia.

594 943 754 1002 Satanas,

259 1035 383 1094 Adferte
406 1053 481 1094 nunc
505 1055 651 1096 coronam.
681 1038 781 1096 Etiam
804 1043 890 1112 atque
914 1040 1002 1097 etiam
1025 1040 1100 1107 vide,

260 1130 373 1188 Horum
395 1137 428 1188 ut
449 1133 624 1189 memineris.
654 1133 729 1190 Mihi
751 1134 871 1211 multum
895 1140 942 1191 est
963 1135 993 1191 in
1015 1139 1045 1192 te
1068 1134 1139 1206 spei.

548 1243 801 1302 Pammachius.

259 1337 379 1394 Faciam
401 1337 498 1395 hercle
522 1338 632 1396 sedulo,

595 1449 755 1508 Satanas

658 1545 742 1601 Hanc
765 1561 903 1601 coronam
926 1545 1041 1616 suscipe

188 1656 244 1697 1520
260 1637 459 1695 Tenebrarum
482 1655 516 1694 ac
540 1639 705 1695 caecitatis!
729 1639 857 1710 Regibus
880 1640 1001 1710 impera,

259 1732 418 1790 Dominare
440 1733 565 1804 populis,
589 1733 747 1790 inferorum
770 1734 903 1790 maximis

261 1825 377 1883 Praesis
400 1827 508 1899 portis!
533 1827 639 1884 Omnes
663 1833 779 1885 tuorum
802 1829 950 1900 pulverem

262 1921 372 1978 Pedum
394 1921 514 1993 lingant,
540 1922 683 1979 secundus
707 1923 737 1979 in
760 1939 849 1993 regno
874 1922 946 1979 sies!

261 2014 405 2085 Plaudite,
429 2017 457 2072 io
481 2015 525 2073 io!

563 2127 793 2200 Porphyrius

551 2222 615 2280 Hoc
638 2239 759 2294 quoque,
783 2223 928 2294 princepe,
952 2222 1087 2280 existimo

188 2335 245 2376 1525
260 2315 323 2373 Tua
345 2316 404 2373 iam
424 2333 544 2388 prorsus
568 2317 686 2389 dignum
708 2316 933 2389 magnificentia,

261 2410 403 2479 Quoniam
427 2411 543 2482 quidem
565 2411 641 2468 hunc
663 2412 778 2484 populis
801 2412 932 2483 praefers
956 2416 985 2469 et
1007 2411 1124 2483 regibus

261 2503 449 2577 Satrapisque
473 2505 593 2575 cunctis,
619 2506 714 2564 edicto
738 2511 771 2563 ut
793 2506 894 2564 iubeas
918 2511 977 2575 tuo,

260 2599 305 2656 Ne
328 2599 451 2670 pedibus
474 2605 583 2657 terram
606 2604 716 2672 tangat,
741 2601 793 2657 sed
816 2600 986 2672 quicumque
1009 2604 1077 2657 sunt

262 2693 296 2750 In
319 2710 408 2764 regno
431 2694 571 2765 primates
595 2712 629 2750 ac
651 2694 896 2765 praestantissimi

190 2799 257 2851 [rea]
281 2787 439 2845 Sublimem
461 2789 569 2845 umeris
592 2787 696 2845 ferant.

596 2891 756 2948 Satanas

755 2985 827 3056 Age,
852 2983 912 3042 fiat.
938 2985 1042 3042 Tollite

263 3079 448 3148 cathedram,
473 3079 571 3150 Plane,
597 3079 756 3148 Stasiades¹
783 3079 899 3138 Chremi
922 3097 956 3137 ac
979 3079 1137 3152 Porphyri!

261 3173 453 3232 Circumferte
477 3174 525 3231 hic
547 3175 644 3242 semel,
668 3175 723 3242 bis,
748 3174 808 3231 teri
831 3174 946 3232 Deinde
973 3175 997 3232 si

261 3268 337 3338 Quid
360 3269 440 3326 aliud
462 3269 557 3338 vultis,
583 3269 685 3326 dicite!

564 3379 794 3452 Porphyrius.

718 3475 784 3533 Hoc
806 3492 919 3548 quoque
942 3475 1058 3532 minime

261 3569 364 3626 Fuerit
385 3571 525 3642 ineptum,
549 3575 582 3627 ut
603 3571 727 3642 populus
752 3569 936 3642 optimatium

192 3663 295 3724 1535111
318 3681 408 3737 regno
430 3665 578 3737 provoluti
601 3665 745 3736 supphces
768 3664 875 3736 pedum
