<?xml version="1.0" encoding="UTF-8"?>
<!DOCTYPE html PUBLIC "-//W3C//DTD XHTML 1.0 Transitional//EN"
    "http://www.w3.org/TR/xhtml1/DTD/xhtml1-transitional.dtd">
<html xmlns="http://www.w3.org/1999/xhtml" xml:lang="en" lang="en">
 <head>
  <title>
</title>
<meta http-equiv="Content-Type" content="text/html;charset=utf-8" />
  <meta name='ocr-system' content='tesseract 3.04.00' />
  <meta name='ocr-capabilities' content='ocr_page ocr_carea ocr_par ocr_line ocrx_word'/>
</head>
<body>
  <div class='ocr_page' id='page_1' title='image "./pammachius00boltgoog_0047.png"; bbox 0 0 2824 4188; ppageno 0'>
   <div class='ocr_carea' id='block_1_1' title="bbox 341 303 1138 364">
    <p class='ocr_par' dir='ltr' id='par_1_1' title="bbox 341 303 1138 364">
     <span class='ocr_line' id='line_1_1' title="bbox 341 303 1138 364; baseline 0.01 -16"><span class='ocrx_word' id='word_1_1' title='bbox 341 303 555 364; x_wconf 66' lang='lat' dir='ltr'>unoouoaom,</span> <span class='ocrx_word' id='word_1_2' title='bbox 577 306 782 352; x_wconf 82' lang='lat' dir='ltr'>PAMMAGHIVS.</span> <span class='ocrx_word' id='word_1_3' title='bbox 807 307 975 354; x_wconf 84' lang='lat' dir='ltr'>PROLOGVS.</span> <span class='ocrx_word' id='word_1_4' title='bbox 1110 303 1116 356; x_wconf 88' lang='lat' dir='ltr'>l</span> <span class='ocrx_word' id='word_1_5' title='bbox 1132 303 1138 355; x_wconf 89' lang='lat' dir='ltr'>l</span> 
     </span>
    </p>
   </div>
   <div class='ocr_carea' id='block_1_2' title="bbox 169 480 992 3199">
    <p class='ocr_par' dir='ltr' id='par_1_2' title="bbox 224 480 957 825">
     <span class='ocr_line' id='line_1_2' title="bbox 225 480 957 556; baseline 0.005 -18"><span class='ocrx_word' id='word_1_6' title='bbox 225 480 332 538; x_wconf 85' lang='lat' dir='ltr'>Creata</span> <span class='ocrx_word' id='word_1_7' title='bbox 355 481 442 550; x_wconf 87' lang='lat' dir='ltr'>videt,</span> <span class='ocrx_word' id='word_1_8' title='bbox 467 486 550 552; x_wconf 87' lang='lat' dir='ltr'>gesta</span> <span class='ocrx_word' id='word_1_9' title='bbox 573 483 664 550; x_wconf 88' lang='lat' dir='ltr'>audit,</span> <span class='ocrx_word' id='word_1_10' title='bbox 688 484 818 552; x_wconf 85' lang='lat' dir='ltr'>miratur,</span> <span class='ocrx_word' id='word_1_11' title='bbox 842 485 957 556; x_wconf 89' lang='lat' dir='ltr'>probat,</span> 
     </span>
     <span class='ocr_line' id='line_1_3' title="bbox 224 576 855 648; baseline 0.005 -16"><span class='ocrx_word' id='word_1_12' title='bbox 224 576 319 632; x_wconf 85' lang='lat' dir='ltr'>&#39;lanta</span> <span class='ocrx_word' id='word_1_13' title='bbox 342 576 429 647; x_wconf 79' lang='lat' dir='ltr'><strong>erigit</strong></span> <span class='ocrx_word' id='word_1_14' title='bbox 450 576 624 648; x_wconf 88' lang='lat' dir='ltr'>trophaeum</span> <span class='ocrx_word' id='word_1_15' title='bbox 646 594 699 648; x_wconf 90' lang='lat' dir='ltr'>pro</span> <span class='ocrx_word' id='word_1_16' title='bbox 723 579 855 647; x_wconf 86' lang='lat' dir='ltr'>victoria,</span> 
     </span>
     <span class='ocr_line' id='line_1_4' title="bbox 225 671 857 742; baseline 0.003 -16"><span class='ocrx_word' id='word_1_17' title='bbox 225 671 390 742; x_wconf 89' lang='lat' dir='ltr'>Epulantur</span> <span class='ocrx_word' id='word_1_18' title='bbox 413 687 448 726; x_wconf 88' lang='lat' dir='ltr'>ex</span> <span class='ocrx_word' id='word_1_19' title='bbox 471 671 585 742; x_wconf 82' lang='lat' dir='ltr'><strong>adeptis</strong></span> <span class='ocrx_word' id='word_1_20' title='bbox 608 672 709 742; x_wconf 87' lang='lat' dir='ltr'>spoliis</span> <span class='ocrx_word' id='word_1_21' title='bbox 732 672 762 728; x_wconf 93' lang='lat' dir='ltr'>in</span> <span class='ocrx_word' id='word_1_22' title='bbox 786 673 857 730; x_wconf 91' lang='lat' dir='ltr'>dies.</span> 
     </span>
     <span class='ocr_line' id='line_1_5' title="bbox 229 763 925 825; baseline 0.006 -4"><span class='ocrx_word' id='word_1_23' title='bbox 229 765 346 822; x_wconf 79' lang='lat' dir='ltr'>Interea</span> <span class='ocrx_word' id='word_1_24' title='bbox 369 781 386 822; x_wconf 97' lang='lat' dir='ltr'>a</span> <span class='ocrx_word' id='word_1_25' title='bbox 410 763 526 822; x_wconf 86' lang='lat' dir='ltr'>Christo</span> <span class='ocrx_word' id='word_1_26' title='bbox 551 770 672 822; x_wconf 90' lang='lat' dir='ltr'>exorato</span> <span class='ocrx_word' id='word_1_27' title='bbox 696 767 726 822; x_wconf 92' lang='lat' dir='ltr'>in</span> <span class='ocrx_word' id='word_1_28' title='bbox 750 768 837 823; x_wconf 89' lang='lat' dir='ltr'>terris</span> <span class='ocrx_word' id='word_1_29' title='bbox 860 768 925 825; x_wconf 95' lang='lat' dir='ltr'>loco</span> 
     </span>
    </p>

    <p class='ocr_par' dir='ltr' id='par_1_3' title="bbox 183 859 988 1296">
     <span class='ocr_line' id='line_1_6' title="bbox 183 859 867 932; baseline -0.001 -12"><span class='ocrx_word' id='word_1_30' title='bbox 183 879 212 921; x_wconf 84' lang='lat' dir='ltr'>ao</span> <span class='ocrx_word' id='word_1_31' title='bbox 228 859 317 918; x_wconf 88' lang='lat' dir='ltr'>Redit</span> <span class='ocrx_word' id='word_1_32' title='bbox 340 876 403 916; x_wconf 90' lang='lat' dir='ltr'>curn</span> <span class='ocrx_word' id='word_1_33' title='bbox 426 859 517 916; x_wconf 92' lang='lat' dir='ltr'>Paulo</span> <span class='ocrx_word' id='word_1_34' title='bbox 541 859 666 930; x_wconf 90' lang='lat' dir='ltr'>Veritas,</span> <span class='ocrx_word' id='word_1_35' title='bbox 691 866 723 916; x_wconf 89' lang='lat' dir='ltr'>ut</span> <span class='ocrx_word' id='word_1_36' title='bbox 745 861 867 932; x_wconf 83' lang='lat' dir='ltr'>gloriam</span> 
     </span>
     <span class='ocr_line' id='line_1_7' title="bbox 227 953 988 1028; baseline 0.001 -17"><span class='ocrx_word' id='word_1_37' title='bbox 227 953 336 1011; x_wconf 83' lang='lat' dir='ltr'>Christi</span> <span class='ocrx_word' id='word_1_38' title='bbox 359 953 494 1010; x_wconf 83' lang='lat' dir='ltr'><strong>inlustret</strong></span> <span class='ocrx_word' id='word_1_39' title='bbox 516 971 666 1026; x_wconf 84' lang='lat' dir='ltr'>papaeque</span> <span class='ocrx_word' id='word_1_40' title='bbox 690 955 853 1012; x_wconf 85' lang='lat' dir='ltr'>doctrinam</span> <span class='ocrx_word' id='word_1_41' title='bbox 876 961 988 1028; x_wconf 89' lang='lat' dir='ltr'>arguat.</span> 
     </span>
     <span class='ocr_line' id='line_1_8' title="bbox 227 1046 959 1122; baseline 0.004 -18"><span class='ocrx_word' id='word_1_42' title='bbox 227 1047 312 1118; x_wconf 85' lang='lat' dir='ltr'>Quod</span> <span class='ocrx_word' id='word_1_43' title='bbox 336 1065 399 1104; x_wconf 86' lang='lat' dir='ltr'>cum</span> <span class='ocrx_word' id='word_1_44' title='bbox 421 1046 463 1116; x_wconf 90' lang='lat' dir='ltr'>fit,</span> <span class='ocrx_word' id='word_1_45' title='bbox 488 1047 615 1105; x_wconf 88' lang='lat' dir='ltr'>Satanae</span> <span class='ocrx_word' id='word_1_46' title='bbox 638 1049 776 1106; x_wconf 84' lang='lat' dir='ltr'>irascitur</span> <span class='ocrx_word' id='word_1_47' title='bbox 799 1050 959 1122; x_wconf 85' lang='lat' dir='ltr'>collegium.</span> 
     </span>
     <span class='ocr_line' id='line_1_9' title="bbox 227 1142 901 1213; baseline 0.003 -14"><span class='ocrx_word' id='word_1_48' title='bbox 227 1142 362 1200; x_wconf 88' lang='lat' dir='ltr'>Consiliis</span> <span class='ocrx_word' id='word_1_49' title='bbox 387 1143 479 1213; x_wconf 88' lang='lat' dir='ltr'>captis</span> <span class='ocrx_word' id='word_1_50' title='bbox 503 1143 654 1201; x_wconf 87' lang='lat' dir='ltr'>doctrinae</span> <span class='ocrx_word' id='word_1_51' title='bbox 678 1148 707 1200; x_wconf 90' lang='lat' dir='ltr'>et</span> <span class='ocrx_word' id='word_1_52' title='bbox 731 1145 901 1202; x_wconf 90' lang='lat' dir='ltr'>doctoribus</span> 
     </span>
     <span class='ocr_line' id='line_1_10' title="bbox 226 1237 819 1296; baseline 0.003 -3"><span class='ocrx_word' id='word_1_53' title='bbox 226 1237 323 1294; x_wconf 85' lang='lat' dir='ltr'>Variis</span> <span class='ocrx_word' id='word_1_54' title='bbox 347 1237 466 1294; x_wconf 87' lang='lat' dir='ltr'>exitium</span> <span class='ocrx_word' id='word_1_55' title='bbox 490 1237 648 1294; x_wconf 91' lang='lat' dir='ltr'>moliuntur</span> <span class='ocrx_word' id='word_1_56' title='bbox 669 1239 819 1296; x_wconf 83' lang='lat' dir='ltr'>machinis</span> 
     </span>
    </p>

    <p class='ocr_par' dir='ltr' id='par_1_4' title="bbox 181 1331 992 1782">
     <span class='ocr_line' id='line_1_11' title="bbox 181 1331 927 1405; baseline -0.003 -13"><span class='ocrx_word' id='word_1_57' title='bbox 181 1351 210 1392; x_wconf 76' lang='lat' dir='ltr'>aa</span> <span class='ocrx_word' id='word_1_58' title='bbox 269 1332 327 1388; x_wconf 88' lang='lat' dir='ltr'>Res</span> <span class='ocrx_word' id='word_1_59' title='bbox 351 1337 476 1389; x_wconf 88' lang='lat' dir='ltr'>estnon</span> <span class='ocrx_word' id='word_1_60' title='bbox 499 1331 623 1390; x_wconf 92' lang='lat' dir='ltr'>obscura</span> <span class='ocrx_word' id='word_1_61' title='bbox 646 1333 770 1390; x_wconf 91' lang='lat' dir='ltr'>intuenti</span> <span class='ocrx_word' id='word_1_62' title='bbox 793 1339 927 1405; x_wconf 89' lang='lat' dir='ltr'>tempora</span> 
     </span>
     <span class='ocr_line' id='line_1_12' title="bbox 225 1426 930 1499; baseline 0.003 -17"><span class='ocrx_word' id='word_1_63' title='bbox 225 1427 265 1482; x_wconf 87' lang='lat' dir='ltr'>Et</span> <span class='ocrx_word' id='word_1_64' title='bbox 287 1426 448 1497; x_wconf 89' lang='lat' dir='ltr'>praeterita</span> <span class='ocrx_word' id='word_1_65' title='bbox 471 1432 501 1483; x_wconf 88' lang='lat' dir='ltr'>ct</span> <span class='ocrx_word' id='word_1_66' title='bbox 522 1427 698 1498; x_wconf 88' lang='lat' dir='ltr'>praesentia,</span> <span class='ocrx_word' id='word_1_67' title='bbox 723 1428 747 1483; x_wconf 93' lang='lat' dir='ltr'>si</span> <span class='ocrx_word' id='word_1_68' title='bbox 771 1427 930 1499; x_wconf 88' lang='lat' dir='ltr'>conlegerit</span> 
     </span>
     <span class='ocr_line' id='line_1_13' title="bbox 225 1521 992 1594; baseline 0.003 -17"><span class='ocrx_word' id='word_1_69' title='bbox 225 1521 413 1592; x_wconf 76' lang='lat' dir='ltr'>apostolicae</span> <span class='ocrx_word' id='word_1_70' title='bbox 437 1521 588 1577; x_wconf 84' lang='lat' dir='ltr'>doctrinae</span> <span class='ocrx_word' id='word_1_71' title='bbox 611 1538 752 1578; x_wconf 91' lang='lat' dir='ltr'>summam</span> <span class='ocrx_word' id='word_1_72' title='bbox 775 1525 805 1578; x_wconf 91' lang='lat' dir='ltr'>et</span> <span class='ocrx_word' id='word_1_73' title='bbox 827 1539 900 1594; x_wconf 88' lang='lat' dir='ltr'>quac</span> <span class='ocrx_word' id='word_1_74' title='bbox 925 1522 992 1579; x_wconf 92' lang='lat' dir='ltr'>dein</span> 
     </span>
     <span class='ocr_line' id='line_1_14' title="bbox 225 1615 897 1687; baseline 0.003 -15"><span class='ocrx_word' id='word_1_75' title='bbox 225 1615 385 1672; x_wconf 88' lang='lat' dir='ltr'>Doctrinae</span> <span class='ocrx_word' id='word_1_76' title='bbox 408 1619 538 1672; x_wconf 89' lang='lat' dir='ltr'>monstra</span> <span class='ocrx_word' id='word_1_77' title='bbox 560 1620 684 1686; x_wconf 87' lang='lat' dir='ltr'>papatus</span> <span class='ocrx_word' id='word_1_78' title='bbox 708 1616 800 1687; x_wconf 86' lang='lat' dir='ltr'>turpis</span> <span class='ocrx_word' id='word_1_79' title='bbox 823 1617 897 1674; x_wconf 92' lang='lat' dir='ltr'>lucri</span> 
     </span>
     <span class='ocr_line' id='line_1_15' title="bbox 226 1708 797 1782; baseline 0 -17"><span class='ocrx_word' id='word_1_80' title='bbox 226 1710 295 1765; x_wconf 84' lang='lat' dir='ltr'>Aut·</span> <span class='ocrx_word' id='word_1_81' title='bbox 309 1708 475 1766; x_wconf 88' lang='lat' dir='ltr'>ambitionis</span> <span class='ocrx_word' id='word_1_82' title='bbox 498 1710 594 1780; x_wconf 87' lang='lat' dir='ltr'>gratia</span> <span class='ocrx_word' id='word_1_83' title='bbox 616 1710 797 1782; x_wconf 86' lang='lat' dir='ltr'>produxerit.</span> 
     </span>
    </p>

    <p class='ocr_par' dir='ltr' id='par_1_5' title="bbox 170 1803 976 2158">
     <span class='ocr_line' id='line_1_16' title="bbox 170 1803 864 1876; baseline -0.006 -12"><span class='ocrx_word' id='word_1_84' title='bbox 170 1822 212 1864; x_wconf 93' lang='lat' dir='ltr'>1oo</span> <span class='ocrx_word' id='word_1_85' title='bbox 269 1804 303 1860; x_wconf 92' lang='lat' dir='ltr'>In</span> <span class='ocrx_word' id='word_1_86' title='bbox 326 1821 449 1860; x_wconf 91' lang='lat' dir='ltr'>summa:</span> <span class='ocrx_word' id='word_1_87' title='bbox 473 1809 612 1876; x_wconf 87' lang='lat' dir='ltr'>papatum</span> <span class='ocrx_word' id='word_1_88' title='bbox 636 1805 695 1860; x_wconf 92' lang='lat' dir='ltr'>suis</span> <span class='ocrx_word' id='word_1_89' title='bbox 719 1803 864 1861; x_wconf 89' lang='lat' dir='ltr'>coloribus</span> 
     </span>
     <span class='ocr_line' id='line_1_17' title="bbox 227 1897 930 1970; baseline -0.001 -15"><span class='ocrx_word' id='word_1_90' title='bbox 227 1898 427 1969; x_wconf 82' lang='lat' dir='ltr'>Depinximus</span> <span class='ocrx_word' id='word_1_91' title='bbox 452 1897 519 1954; x_wconf 92' lang='lat' dir='ltr'>Non</span> <span class='ocrx_word' id='word_1_92' title='bbox 541 1899 695 1969; x_wconf 88' lang='lat' dir='ltr'>carpimus,</span> <span class='ocrx_word' id='word_1_93' title='bbox 721 1899 745 1954; x_wconf 92' lang='lat' dir='ltr'>si</span> <span class='ocrx_word' id='word_1_94' title='bbox 768 1897 930 1970; x_wconf 90' lang='lat' dir='ltr'>quidboni</span> 
     </span>
     <span class='ocr_line' id='line_1_18' title="bbox 227 1992 976 2064; baseline -0.001 -15"><span class='ocrx_word' id='word_1_95' title='bbox 227 1994 253 2049; x_wconf 92' lang='lat' dir='ltr'><strong>A</strong></span> <span class='ocrx_word' id='word_1_96' title='bbox 276 1993 408 2050; x_wconf 90' lang='lat' dir='ltr'>Romana</span> <span class='ocrx_word' id='word_1_97' title='bbox 430 2010 556 2064; x_wconf 90' lang='lat' dir='ltr'>unquam</span> <span class='ocrx_word' id='word_1_98' title='bbox 578 1993 752 2063; x_wconf 91' lang='lat' dir='ltr'>productum</span> <span class='ocrx_word' id='word_1_99' title='bbox 776 1997 821 2049; x_wconf 87' lang='lat' dir='ltr'>est</span> <span class='ocrx_word' id='word_1_100' title='bbox 844 1992 976 2049; x_wconf 89' lang='lat' dir='ltr'>ccclesia.</span> 
     </span>
     <span class='ocr_line' id='line_1_19' title="bbox 227 2087 966 2158; baseline -0.003 -14"><span class='ocrx_word' id='word_1_101' title='bbox 227 2087 344 2144; x_wconf 90' lang='lat' dir='ltr'>Habent</span> <span class='ocrx_word' id='word_1_102' title='bbox 366 2087 444 2145; x_wconf 90' lang='lat' dir='ltr'>bona</span> <span class='ocrx_word' id='word_1_103' title='bbox 467 2103 534 2143; x_wconf 88' lang='lat' dir='ltr'>suas</span> <span class='ocrx_word' id='word_1_104' title='bbox 557 2087 667 2156; x_wconf 89' lang='lat' dir='ltr'>laudes,</span> <span class='ocrx_word' id='word_1_105' title='bbox 692 2091 725 2143; x_wconf 90' lang='lat' dir='ltr'>ut</span> <span class='ocrx_word' id='word_1_106' title='bbox 747 2103 820 2158; x_wconf 90' lang='lat' dir='ltr'>quae</span> <span class='ocrx_word' id='word_1_107' title='bbox 844 2087 966 2143; x_wconf 86' lang='lat' dir='ltr'>dicimus</span> 
     </span>
    </p>

    <p class='ocr_par' dir='ltr' id='par_1_6' title="bbox 169 2179 940 2253">
     <span class='ocr_line' id='line_1_20' title="bbox 169 2179 940 2253; baseline 0.003 -19"><span class='ocrx_word' id='word_1_108' title='bbox 169 2192 235 2245; x_wconf 77' lang='lat' dir='ltr'>[Bab]</span> <span class='ocrx_word' id='word_1_109' title='bbox 259 2183 286 2238; x_wconf 88' lang='lat' dir='ltr'><strong>A</strong></span> <span class='ocrx_word' id='word_1_110' title='bbox 309 2183 406 2239; x_wconf 93' lang='lat' dir='ltr'>divino</span> <span class='ocrx_word' id='word_1_111' title='bbox 430 2182 509 2238; x_wconf 92' lang='lat' dir='ltr'>haud</span> <span class='ocrx_word' id='word_1_112' title='bbox 532 2181 650 2238; x_wconf 93' lang='lat' dir='ltr'>dubium</span> <span class='ocrx_word' id='word_1_113' title='bbox 672 2179 805 2252; x_wconf 87' lang='lat' dir='ltr'>profecta</span> <span class='ocrx_word' id='word_1_114' title='bbox 827 2181 940 2253; x_wconf 84' lang='lat' dir='ltr'>spiritu.</span> 
     </span>
    </p>

    <p class='ocr_par' dir='ltr' id='par_1_7' title="bbox 171 2276 919 2726">
     <span class='ocr_line' id='line_1_21' title="bbox 171 2276 862 2348; baseline -0.007 -11"><span class='ocrx_word' id='word_1_115' title='bbox 171 2297 212 2337; x_wconf 86' lang='lat'>105</span> <span class='ocrx_word' id='word_1_116' title='bbox 229 2277 466 2348; x_wconf 89' lang='lat' dir='ltr'>Superstitiones‚</span> <span class='ocrx_word' id='word_1_117' title='bbox 490 2277 597 2345; x_wconf 87' lang='lat' dir='ltr'>luxum,</span> <span class='ocrx_word' id='word_1_118' title='bbox 622 2276 742 2332; x_wconf 85' lang='lat' dir='ltr'>decreta</span> <span class='ocrx_word' id='word_1_119' title='bbox 764 2276 862 2347; x_wconf 90' lang='lat' dir='ltr'>impia,</span> 
     </span>
     <span class='ocr_line' id='line_1_22' title="bbox 229 2370 919 2443; baseline -0.003 -15"><span class='ocrx_word' id='word_1_120' title='bbox 229 2371 409 2443; x_wconf 85' lang='lat' dir='ltr'>Superbiam,</span> <span class='ocrx_word' id='word_1_121' title='bbox 434 2371 645 2442; x_wconf 87' lang='lat' dir='ltr'>adrogantiam,</span> <span class='ocrx_word' id='word_1_122' title='bbox 670 2370 797 2441; x_wconf 90' lang='lat' dir='ltr'>pessima</span> <span class='ocrx_word' id='word_1_123' title='bbox 820 2387 919 2442; x_wconf 88' lang='lat' dir='ltr'>opera,</span> 
     </span>
     <span class='ocr_line' id='line_1_23' title="bbox 228 2465 804 2536; baseline -0.003 -13"><span class='ocrx_word' id='word_1_124' title='bbox 228 2466 447 2532; x_wconf 86' lang='lat' dir='ltr'>Crudelitatem,</span> <span class='ocrx_word' id='word_1_125' title='bbox 471 2466 636 2536; x_wconf 85' lang='lat' dir='ltr'>perniciosa</span> <span class='ocrx_word' id='word_1_126' title='bbox 659 2465 804 2536; x_wconf 86' lang='lat' dir='ltr'>dogmata,</span> 
     </span>
     <span class='ocr_line' id='line_1_24' title="bbox 228 2558 902 2631; baseline -0.004 -14"><span class='ocrx_word' id='word_1_127' title='bbox 228 2561 399 2629; x_wconf 81' lang='lat' dir='ltr'>Avaritiam,</span> <span class='ocrx_word' id='word_1_128' title='bbox 423 2560 609 2631; x_wconf 89' lang='lat' dir='ltr'>imposturas,</span> <span class='ocrx_word' id='word_1_129' title='bbox 634 2563 831 2630; x_wconf 90' lang='lat' dir='ltr'>contemptum</span> <span class='ocrx_word' id='word_1_130' title='bbox 855 2558 902 2615; x_wconf 92' lang='lat' dir='ltr'>dei</span> 
     </span>
     <span class='ocr_line' id='line_1_25' title="bbox 227 2652 915 2726; baseline -0.006 -14"><span class='ocrx_word' id='word_1_131' title='bbox 227 2655 342 2713; x_wconf 90' lang='lat' dir='ltr'>Laudet</span> <span class='ocrx_word' id='word_1_132' title='bbox 365 2655 447 2724; x_wconf 87' lang='lat' dir='ltr'>alius,</span> <span class='ocrx_word' id='word_1_133' title='bbox 472 2655 520 2726; x_wconf 89' lang='lat' dir='ltr'>qui</span> <span class='ocrx_word' id='word_1_134' title='bbox 542 2654 623 2726; x_wconf 91' lang='lat' dir='ltr'>pasci</span> <span class='ocrx_word' id='word_1_135' title='bbox 646 2659 725 2710; x_wconf 87' lang='lat' dir='ltr'>amat</span> <span class='ocrx_word' id='word_1_136' title='bbox 746 2652 915 2720; x_wconf 89' lang='lat' dir='ltr'>mendaciis,</span> 
     </span>
    </p>

    <p class='ocr_par' dir='ltr' id='par_1_8' title="bbox 170 2747 960 3199">
     <span class='ocr_line' id='line_1_26' title="bbox 170 2747 923 2822; baseline -0.012 -11"><span class='ocrx_word' id='word_1_137' title='bbox 170 2769 212 2811; x_wconf 87' lang='lat'>110</span> <span class='ocrx_word' id='word_1_138' title='bbox 228 2750 283 2820; x_wconf 83' lang='lat' dir='ltr'>Qui</span> <span class='ocrx_word' id='word_1_139' title='bbox 305 2750 369 2822; x_wconf 90' lang='lat' dir='ltr'>plus</span> <span class='ocrx_word' id='word_1_140' title='bbox 393 2749 492 2806; x_wconf 89' lang='lat' dir='ltr'>mundi</span> <span class='ocrx_word' id='word_1_141' title='bbox 514 2747 644 2806; x_wconf 88' lang='lat' dir='ltr'>favorem</span> <span class='ocrx_word' id='word_1_142' title='bbox 667 2752 761 2806; x_wconf 88' lang='lat' dir='ltr'>certat</span> <span class='ocrx_word' id='word_1_143' title='bbox 784 2763 923 2819; x_wconf 89' lang='lat' dir='ltr'>quaerere</span> 
     </span>
     <span class='ocr_line' id='line_1_27' title="bbox 228 2840 900 2914; baseline -0.007 -13"><span class='ocrx_word' id='word_1_144' title='bbox 228 2845 320 2914; x_wconf 75' lang='lat' dir='ltr'>Quam</span> <span class='ocrx_word' id='word_1_145' title='bbox 343 2844 497 2901; x_wconf 88' lang='lat' dir='ltr'>veritatem</span> <span class='ocrx_word' id='word_1_146' title='bbox 520 2843 626 2900; x_wconf 87' lang='lat' dir='ltr'>sectari</span> <span class='ocrx_word' id='word_1_147' title='bbox 650 2847 679 2900; x_wconf 91' lang='lat' dir='ltr'>et</span> <span class='ocrx_word' id='word_1_148' title='bbox 701 2840 821 2898; x_wconf 89' lang='lat' dir='ltr'>verbum</span> <span class='ocrx_word' id='word_1_149' title='bbox 845 2840 900 2898; x_wconf 87' lang='lat' dir='ltr'>dei.</span> 
     </span>
     <span class='ocr_line' id='line_1_28' title="bbox 226 2935 960 3010; baseline -0.008 -14"><span class='ocrx_word' id='word_1_150' title='bbox 226 2939 287 2996; x_wconf 89' lang='lat' dir='ltr'>Nos</span> <span class='ocrx_word' id='word_1_151' title='bbox 313 2943 400 3006; x_wconf 88' lang='lat' dir='ltr'>certe,</span> <span class='ocrx_word' id='word_1_152' title='bbox 425 2939 646 3010; x_wconf 87' lang='lat' dir='ltr'>qualescumque</span> <span class='ocrx_word' id='word_1_153' title='bbox 671 2954 779 3010; x_wconf 79' lang='lat' dir='ltr'>samua,</span> <span class='ocrx_word' id='word_1_154' title='bbox 801 2935 960 2993; x_wconf 92' lang='lat' dir='ltr'>mendaciis</span> 
     </span>
     <span class='ocr_line' id='line_1_29' title="bbox 226 3032 840 3102; baseline -0.007 -12"><span class='ocrx_word' id='word_1_155' title='bbox 226 3034 267 3090; x_wconf 86' lang='lat' dir='ltr'>Et</span> <span class='ocrx_word' id='word_1_156' title='bbox 290 3034 384 3090; x_wconf 89' lang='lat' dir='ltr'>errori</span> <span class='ocrx_word' id='word_1_157' title='bbox 405 3032 505 3089; x_wconf 90' lang='lat' dir='ltr'>favere</span> <span class='ocrx_word' id='word_1_158' title='bbox 527 3032 655 3088; x_wconf 91' lang='lat' dir='ltr'>nondum</span> <span class='ocrx_word' id='word_1_159' title='bbox 678 3048 840 3102; x_wconf 90' lang='lat' dir='ltr'>possumus.</span> 
     </span>
     <span class='ocr_line' id='line_1_30' title="bbox 226 3125 858 3199; baseline -0.003 -16"><span class='ocrx_word' id='word_1_160' title='bbox 226 3128 286 3185; x_wconf 88' lang='lat' dir='ltr'>Vos</span> <span class='ocrx_word' id='word_1_161' title='bbox 310 3127 395 3199; x_wconf 90' lang='lat' dir='ltr'>aequi</span> <span class='ocrx_word' id='word_1_162' title='bbox 418 3127 520 3184; x_wconf 89' lang='lat' dir='ltr'>adeste</span> <span class='ocrx_word' id='word_1_163' title='bbox 543 3126 654 3182; x_wconf 89' lang='lat' dir='ltr'>iudices</span> <span class='ocrx_word' id='word_1_164' title='bbox 678 3125 858 3196; x_wconf 89' lang='lat' dir='ltr'>tragoediae,</span> 
     </span>
    </p>
   </div>
   <div class='ocr_carea' id='block_1_3' title="bbox 169 3217 956 3480">
    <p class='ocr_par' dir='ltr' id='par_1_9' title="bbox 169 3217 956 3480">
     <span class='ocr_line' id='line_1_31' title="bbox 169 3217 956 3291; baseline -0.011 -9"><span class='ocrx_word' id='word_1_165' title='bbox 169 3241 211 3283; x_wconf 74' lang='lat'>115</span> <span class='ocrx_word' id='word_1_166' title='bbox 226 3222 318 3291; x_wconf 80' lang='lat' dir='ltr'>Quam</span> <span class='ocrx_word' id='word_1_167' title='bbox 343 3221 406 3278; x_wconf 92' lang='lat' dir='ltr'>orbi</span> <span class='ocrx_word' id='word_1_168' title='bbox 430 3221 580 3278; x_wconf 82' lang='lat' dir='ltr'>doctrinae</span> <span class='ocrx_word' id='word_1_169' title='bbox 603 3220 718 3291; x_wconf 89' lang='lat' dir='ltr'>peperit</span> <span class='ocrx_word' id='word_1_170' title='bbox 741 3217 956 3282; x_wconf 88' lang='lat' dir='ltr'>controversia!</span> 
     </span>
     <span class='ocr_line' id='line_1_32' title="bbox 227 3313 948 3384; baseline -0.006 -11"><span class='ocrx_word' id='word_1_171' title='bbox 227 3317 285 3374; x_wconf 92' lang='lat' dir='ltr'>Res</span> <span class='ocrx_word' id='word_1_172' title='bbox 308 3314 379 3372; x_wconf 89' lang='lat' dir='ltr'>ficta</span> <span class='ocrx_word' id='word_1_173' title='bbox 402 3320 454 3384; x_wconf 89' lang='lat' dir='ltr'>cst,</span> <span class='ocrx_word' id='word_1_174' title='bbox 479 3315 521 3372; x_wconf 92' lang='lat' dir='ltr'>ita</span> <span class='ocrx_word' id='word_1_175' title='bbox 544 3319 650 3383; x_wconf 87' lang='lat' dir='ltr'>tamen,</span> <span class='ocrx_word' id='word_1_176' title='bbox 675 3318 707 3370; x_wconf 91' lang='lat' dir='ltr'>ut</span> <span class='ocrx_word' id='word_1_177' title='bbox 730 3313 807 3370; x_wconf 86' lang='lat' dir='ltr'>adsit</span> <span class='ocrx_word' id='word_1_178' title='bbox 831 3313 948 3380; x_wconf 86' lang='lat' dir='ltr'>veritas,</span> 
     </span>
     <span class='ocr_line' id='line_1_33' title="bbox 228 3408 914 3480; baseline -0.007 -12"><span class='ocrx_word' id='word_1_179' title='bbox 228 3411 308 3480; x_wconf 76' lang='lat' dir='ltr'>Quae</span> <span class='ocrx_word' id='word_1_180' title='bbox 332 3409 488 3467; x_wconf 91' lang='lat' dir='ltr'>iucundum</span> <span class='ocrx_word' id='word_1_181' title='bbox 511 3409 665 3466; x_wconf 86' lang='lat' dir='ltr'>coniuncta</span> <span class='ocrx_word' id='word_1_182' title='bbox 689 3409 758 3465; x_wconf 88' lang='lat' dir='ltr'>dant</span> <span class='ocrx_word' id='word_1_183' title='bbox 782 3413 811 3465; x_wconf 90' lang='lat' dir='ltr'>et</span> <span class='ocrx_word' id='word_1_184' title='bbox 833 3408 914 3464; x_wconf 87' lang='lat' dir='ltr'>utile.</span> 
     </span>
    </p>
   </div>
   <div class='ocr_carea' id='block_1_4' title="bbox 0 0 1416 4188">
    <p class='ocr_par' dir='ltr' id='par_1_10' title="bbox 0 0 1416 4188">
     <span class='ocr_line' id='line_1_34' title="bbox 0 0 1416 4188; baseline 0 0"><span class='ocrx_word' id='word_1_185' title='bbox 0 0 1416 4188; x_wconf 95' lang='lat' dir='ltr'> </span> 
     </span>
    </p>
   </div>
  </div>
 </body>
</html>
