2824 4196
403 253 616 312 0000000000,
638 253 842 299 quuxomvs.
868 242 916 312 IV,
942 243 970 300 3.

602 427 777 486 Christus

754 523 805 580 Ille
829 523 965 580 ecelesias

272 618 396 675 Disieoit
420 635 518 675 omnes
542 622 592 674 aut
616 617 746 688 eorrupit
768 617 892 674 haeresi.

197 732 256 774 3000
271 713 327 769 Vix
350 717 461 784 septem
483 713 513 768 in
536 711 606 769 orbe
630 715 697 767 sunt
719 711 821 768 relicta
843 711 930 780 milia,

271 807 326 878 Qui
349 807 497 863 Romanae
519 822 578 863 non
601 809 776 876 aeceperunt
798 805 910 862 bestiae

272 901 487 969 Charaeterem
511 901 640 972 quinon
663 899 785 956 eredunt
807 898 966 956 mendaciis

270 995 333 1053 Nec
355 995 455 1066 primis
479 993 605 1051 Satanae
628 998 780 1064 ¹cesserunt
801 992 958 1052 furoribus.

613 1105 754 1162 Paulus.

270 1202 294 1260 Ο
317 1201 439 1258 miseros
462 1199 613 1258 mortales!

600 1310 774 1367 Christus.

577 1406 611 1462 In
634 1421 752 1474 summa,
778 1421 824 1462 res
848 1405 899 1474 ita,

196 1511 267 1565 [1030]
298 1499 337 1556 Vt
360 1499 468 1557 dudum
492 1500 560 1568 dixi,
584 1503 795 1571 prosperantur
816 1499 921 1570 impiis,

270 1594 402 1666 Optimus
424 1594 557 1663 habetur,
582 1595 630 1665 qui
653 1609 740 1665 agere
762 1593 844 1650 novit
865 1593 1004 1664 pessim03

268 1688 440 1746 Laudamur
461 1705 536 1746 nova
558 1688 739 1759 reperientes
762 1687 854 1759 idola;
879 1687 927 1759 qni

270 1782 384 1839 Cultum
408 1781 528 1840 offendit
550 1799 664 1851 novum,
690 1787 856 1838 sanctorum
880 1783 1013 1854 catalogo

267 1877 462 1934 Adseribitur.
488 1875 546 1934 Sed
569 1877 685 1933 Veritas
708 1877 765 1932 huo
787 1876 904 1933 advenit

195 1989 253 2032 3010
268 1970 395 2042 Aliquid,
420 1971 532 2042 opinor,
557 1975 715 2042 apportans
738 1970 814 2027 rrovi.

617 2082 752 2139 Petrus.

823 2175 900 2233 Satis

265 2269 338 2328 Sunt
360 2271 442 2340 haec,
468 2287 540 2342 quae
564 2270 646 2339 dixti,
671 2271 786 2328 etiamsi
808 2271 888 2328 aliud
910 2271 981 2327 nihil
1004 2268 1128 2328 adferet.

597 2381 767 2440 Christus.

266 2476 349 2545 Hem,
375 2493 468 2548 surge,
493 2476 624 2534 Veritas!
649 2478 724 2546 Quid
748 2474 810 2534 vis?
834 2477 910 2546 Quid
932 2472 1083 2548 postulas?

606 2586 757 2645 Veritas.

264 2679 388 2738 Domine
412 2681 479 2738 Iesu
502 2679 626 2750 Christe,
650 2687 782 2752 potestas
805 2681 859 2738 tibi
881 2681 1007 2739 maxima

269 2773 444 2832 Caelestium
467 2792 564 2832 rerum
587 2780 632 2832 est
655 2776 724 2833 data
747 2781 777 2832 et
799 2776 990 2833 terrestrium.

193 2887 251 2929 3013
269 2867 328 2927 Cur
350 2887 408 2926 non
430 2887 477 2927 000
500 2869 641 2926 humanas
665 2875 696 2928 00
717 2887 763 2927 me
786 2871 978 2928 miserrimam

264 2963 304 3020 Et
327 2964 456 3020 exsulem
479 2961 606 3035 aspicis?
629 2964 824 3021 Dominantnr
845 2965 935 3036 impii,

265 3057 389 3115 Satanas
412 3057 518 3129 ubique
542 3064 653 3131 regnat,
678 3075 725 3116 res
749 3064 817 3116 sunt
839 3063 898 3116 tam
921 3059 1023 3128 melae,

265 3150 304 3207 Vt
325 3152 441 3224 peiores
466 3169 530 3210 esse
552 3158 705 3226 nequeant.
730 3151 816 3210 Nosti
840 3153 936 3210 omnia

264 3245 305 3302 Et
328 3247 472 3303 connives,
498 3246 653 3320 Quousque
676 3248 794 3305 tandem
816 3247 917 3317 istaec,
942 3264 1023 3320 rogo.

596 3350 770 3409 Christus.

191 3451 250 3493 0000
267 3433 343 3504 Quid
364 3432 438 3493 fios?

606 3539 758 3596 Veritas,

399 3633 515 3690 Iussisti
538 3651 583 3690 me
607 3634 693 3690 terris
718 3633 859 3691 excedere
