2824 4196
285 239 325 294 44
495 240 986 308 uaocaoao00,1nnunonrvs.1,
1012 240 1039 296 5.
1072 281 1075 286 ,

284 443 326 484 900
342 424 450 482 Verum
473 441 527 498 ego
550 429 663 483 tautum
686 443 722 482 ex
744 426 858 483 illorum
880 427 977 484 verbis
1001 426 1123 499 conligo,

341 518 372 576 Si
394 525 515 590 possent
538 519 615 591 quod
638 536 701 592 ego,
725 536 906 592 nequaquam
927 519 998 577 mihi
1021 525 1184 592 parcerent.

342 613 416 696 Heu,
441 614 510 686 quid
531 612 660 670 futurum
683 618 736 684 est,
761 615 786 672 si
809 614 930 672 deorum
952 615 1093 686 quispiam

341 707 459 765 Illorum
482 707 603 765 consilia
625 713 796 780 promoveat
818 706 979 781 prospere?

342 802 376 858 In
399 802 509 860 cunctis
531 802 656 874 primum
679 819 747 860 oves
771 802 911 860 errabunt
933 803 1089 872 montibus,

283 914 326 957 910
341 895 491 954 Sedebunt
513 898 607 956 otiose
629 902 763 969 pastores
786 897 874 967 domi,

341 990 466 1060 Ludunt,
488 991 600 1060 bibent,
624 991 774 1049 habebunt
796 1009 895 1050 curam
917 991 1089 1061 abdominis,

341 1084 381 1141 Vt
403 1085 443 1142 nil
465 1086 607 1143 malorum
631 1086 667 1143 de
689 1087 812 1158 pulvinis
836 1085 953 1144 excitet.

340 1179 464 1236 Etiamsi
488 1179 681 1252 deglubantur
704 1196 781 1249 ovea,
806 1180 935 1252 quamvis
957 1179 1034 1237 fame
1072 1203 1077 1212 ·

342 1273 468 1331 Pareant
490 1278 541 1330 aut
563 1275 593 1330 in
615 1272 774 1330 mortiferis
798 1274 906 1346 degant
927 1273 1052 1345 pascuis,

284 1385 327 1428 915
343 1368 403 1424 Illis
424 1369 534 1440 supinis
559 1366 716 1424 conlibebit
739 1372 871 1424 stertere.
949 1404 952 1410 ·

342 1462 498 1532 Ridebunt,
524 1463 655 1534 siquam
679 1461 814 1519 devorari
836 1461 971 1532 viderint,

341 1556 382 1613 Et
405 1572 440 1614 ex
463 1573 563 1616 earum
584 1557 704 1614 interitu
727 1561 877 1628 quaestum
900 1555 1054 1627 conligant.
1140 1539 1143 1546 ’

343 1650 392 1708 Sic
414 1655 483 1708 tunc
504 1649 636 1708 ferentur
658 1667 714 1706 res.
740 1648 798 1706 Sed
820 1651 931 1708 utinam
953 1649 1086 1722 mentiar,

342 1744 383 1800 Et
406 1744 542 1802 doctores
567 1761 619 1801 sua
641 1744 715 1801 haec
738 1743 858 1801 consilia
882 1744 1038 1815 corrigant,

284 1856 327 1898 aao
343 1837 409 1895 Suis
432 1839 561 1896 contenti
584 1839 643 1894 sint
664 1855 718 1896 nec
739 1839 852 1895 maiora
874 1837 1011 1906 ambiant,

285 1943 353 2010 [Dfib]
374 1934 488 1990 Instent
510 1933 650 1992 doctrinis
675 1938 704 1990 et
727 1938 829 1990 curent
852 1931 1003 1991 ecelesias!

343 2027 402 2085 Sed
423 2027 581 2086 obstinatio
603 2027 677 2085 haec
699 2028 747 2084 vix
770 2029 902 2100 cuiquam
925 2027 1054 2095 cesserit,

342 2122 383 2179 Et
406 2127 563 2194 corrugata
584 2121 665 2179 frons
690 2127 721 2179 et
743 2127 910 2194 quassatum
934 2125 1029 2192 caput,

343 2216 426 2274 Oculi
449 2216 586 2274 ardentes
610 2217 753 2288 torvique,
777 2217 872 2272 vultus
895 2215 1029 2287 pallidus,

285 2328 327 2370 aas
343 2310 469 2369 Edronis
493 2315 522 2368 et
544 2326 684 2382 praeceps
707 2310 813 2381 lingua,
837 2309 916 2366 labia
937 2310 1062 2367 tremula

342 2405 398 2462 Vix
418 2404 516 2462 hercle
539 2406 691 2477 quicquam
714 2420 785 2476 prae
809 2421 840 2460 se
862 2403 940 2461 serre
963 2404 1058 2462 solent
1078 2403 1158 2460 boni.

342 2500 408 2557 Heu
430 2516 497 2572 pax,
521 2516 606 2571 quam
628 2498 706 2556 bona
728 2498 955 2574 mortalibuses
977 2498 1135 2570 possessio,

343 2593 374 2651 Si
400 2593 491 2651 firmis
514 2593 601 2651 modo
625 2598 655 2650 tc
677 2592 755 2651 ferre
777 2594 892 2664 possint
914 2592 1008 2650 tibiis!

342 2688 463 2760 Quippe,
488 2693 520 2744 ut
541 2688 727 2760 proverbium
750 2693 803 2756 est,
829 2686 925 2744 felicia
948 2692 1082 2758 tempora

285 2802 328 2843 930
344 2762 558 2854 Successdsque
580 2782 673 2839 bonos
696 2782 775 2838 haud
798 2782 890 2853 quivis
913 2781 1011 2838 ferunt
1032 2780 1132 2852 pedes.

343 2877 429 2934 Multi
452 2875 539 2933 rebus
562 2876 592 2932 in
615 2877 745 2934 adversis
770 2892 800 2933 se
823 2880 928 2948 gerunt
949 2875 1050 2947 probe,

343 2971 398 3041 Qui
420 2971 450 3027 in
471 2987 545 3042 pace
567 2971 735 3043 plerumque
759 2971 907 3042 applicant
929 2969 1032 3026 sceleri
1054 2986 1170 3041 manus3

343 3065 406 3122 Situ
428 3071 461 3121 ut
483 3065 601 3124 metalla
624 3065 799 3123 contrahunt
821 3063 992 3135 rubiginem,

339 3159 400 3244 ¹Sic,
424 3161 454 3215 ni
476 3159 600 3216 subinde
623 3161 759 3232 agitetur,
783 3159 936 3230 integritas
959 3159 1045 3230 perit.

284 3272 327 3315 aas
342 3253 418 3311 Nam
441 3254 572 3325 quamvis
594 3254 813 3325 persecutiones
837 3253 966 3324 gentium

342 3348 491 3406 Ecclesias
515 3347 683 3405 addixerint
708 3347 887 3419 gravissime,

342 3442 475 3501 Effecere
498 3447 604 3512 tamen,
628 3447 661 3500 ut
683 3443 777 3499 maior
800 3442 963 3502 constantia

344 3538 442 3595 Pietas
465 3535 654 3609 probitasque
676 3535 819 3594 fueritin
842 3535 1036 3594 credentibus.

343 3633 384 3690 At
406 3633 464 3690 ista
486 3648 552 3704 pax,
578 3647 663 3704 quam
687 3630 868 3689 Christianus
892 3631 1008 3700 contuli,
