2824 4188
247 234 287 291 24
454 245 898 304 unoauoaovs,rnunaou1vs.
923 234 946 304 I,
972 235 1000 291 3.

303 422 439 478 Eundum
462 426 515 491 est,
541 427 570 479 et
593 422 784 494 quaerendus
809 422 855 479 cui
878 422 1096 479 communicem.

246 528 311 581 [oea]
327 516 385 574 Sed
408 533 444 574 en
467 517 646 588 Porphyrius
669 521 749 573 recte
772 516 850 573 venit
872 516 996 573 obviam.

303 610 396 680 Quam
417 610 537 682 pulchre
561 611 669 667 similes
693 627 808 682 semper
830 611 979 682 coniungit
1002 609 1086 668 deus!

245 723 288 764 aas
303 705 370 761 Non
392 709 509 776 poterat
530 705 575 761 vir
597 705 772 762 meliorant
794 705 864 761 mihi
887 705 1069 762 coniunctior

303 799 462 856 Occurrere
485 815 538 856 nec
561 799 607 857 cui
629 799 721 856 istaec
744 799 860 856 credam
883 800 982 856 tutius.

304 893 469 966 Aggredior
491 892 644 951 hominem.
670 893 732 963 Quo
756 911 832 950 nuno
855 893 947 963 vadis
972 891 1140 965 Porphyri?

616 1006 846 1077 Porphyrius.

306 1100 353 1157 Ad
376 1104 405 1156 te
428 1099 515 1169 ibam,
540 1099 707 1157 Pammachi
730 1105 822 1172 pater,
847 1101 970 1169 visurus,
995 1117 1032 1156 an

304 1194 396 1252 Recte
418 1195 539 1252 valeres

608 1287 859 1346 Pammachius.

565 1382 664 1452 Recte,
689 1389 721 1440 ut
743 1401 819 1442 nunc
842 1400 873 1440 se
896 1399 943 1440 res
966 1383 1085 1440 habent.

627 1502 841 1576 Porphyrus.

246 1617 288 1658 rao
304 1597 380 1667 Quid
404 1614 472 1669 ergo
497 1597 583 1654 solito
607 1615 637 1654 es
661 1595 795 1655 tristior?
818 1598 885 1655 Non
908 1597 955 1655 hic
977 1597 1033 1654 fuit

300 1692 437 1750 Antehac
460 1691 554 1748 vultus
578 1693 723 1764 colorque.
749 1691 836 1749 Certe
859 1697 910 1749 aut
931 1691 1025 1760 fallor,
1050 1697 1103 1748 aut

303 1787 370 1844 Non
394 1803 430 1844 ex
453 1786 598 1843 sententia
620 1787 708 1855 vales
734 1791 784 1844 aut
806 1786 954 1858 quidpiam

305 1881 450 1938 Malorum
472 1897 531 1938 non
554 1881 746 1939 communium
772 1880 825 1937 tibi
849 1881 964 1938 accidit.

305 1975 411 2032 Fortes
435 1976 511 2032 enim
533 1992 591 2033 non
613 1975 723 2033 frustra
746 1965 900 2033 trislantur
921 1975 985 2032 viri.

246 2088 289 2130 455
304 2069 381 2139 Quid
404 2067 555 2140 suspiras?
579 2069 655 2139 Quin
678 2071 760 2138 dicis,
785 2070 921 2142 quidnam
944 2070 983 2126 sit
1004 2067 1094 2126 mali?

302 2163 447 2236 Equidem
471 2164 591 2220 consilio
615 2169 644 2220 to
667 2164 713 2220 vel
736 2164 839 2235 opibus
862 2166 972 2221 iuvere.

303 2258 379 2315 Num
402 2257 567 2328 perniciosa
589 2256 659 2314 fidei
682 2263 804 2329 surgunt
826 2255 983 2329 dogmata?

303 2352 342 2408 Vt
363 2351 486 2409 fratrum
509 2351 612 2425 aliquis
635 2352 748 2422 insigne
772 2353 917 2410 commisit
940 2350 1054 2410 scelus?

607 2463 859 2520 Pammachius.

302 2558 384 2616 Haec
407 2575 452 2614 me
475 2574 577 2629 parum
599 2563 724 2627 movent,
747 2558 816 2615 licet
839 2559 897 2615 sint
918 2559 1053 2616 maxima.

243 2671 286 2712 444
303 2653 430 2709 Primum
453 2653 569 2724 quidem
591 2652 683 2710 istaec
706 2658 773 2710 ante
797 2653 935 2710 curabam
957 2654 1064 2723 omnia,

304 2747 341 2803 Vt
364 2747 502 2818 plurimas
525 2752 626 2804 noctes
650 2747 719 2818 vigil
741 2748 970 2818 trarrsduxerin13

304 2842 344 2898 At
366 2859 442 2899 nuno
463 2841 573 2898 laboris
596 2842 759 2913 plurimum,
783 2841 856 2898 lucri
878 2859 981 2913 parum

305 2935 404 2992 Inesse
428 2936 556 2992 sentiens
580 2935 690 2994 desino.
715 2935 878 2992 Maioribus

304 3031 430 3101 Operam
452 3029 549 3086 locare
572 3030 659 3088 rebus
683 3035 728 3090 est
750 3031 861 3086 animus
885 3031 963 3087 mihi.

620 3137 850 3216 Porphyrius.

245 3235 339 3296 445Ιά
363 3235 456 3292 tristis
479 3236 591 3294 scilicet
613 3237 670 3293 iam
694 3237 815 3308 cogitas
838 3234 942 3308 pater?

607 3347 860 3406 Pammachius.

303 3442 338 3500 ld
361 3443 463 3516 ipsum.

622 3537 850 3610 Porphyrius.

421 3634 463 3691 At
485 3625 609 3704 quibus?
631 3631 692 3688 Aut
714 3648 769 3704 quo
793 3631 880 3688 modo
904 3631 1024 3703 adsequi
1047 3631 1153 3704 potos?
