2824 4196
348 267 352 276 ¹
380 261 593 320 uaoouoaavs
617 264 822 310 ruuuacrnvs.
847 253 897 322 IV,
925 257 949 310 1.
1091 255 1149 313 129

163 463 231 519 [888]
266 449 442 508 Mortalibus
466 453 494 505 et
517 447 727 506 immortalibus
751 449 882 506 homines
905 457 1011 521 parant

245 545 326 602 Mala
349 549 377 601 et
401 543 557 614 Gigantum
577 543 742 599 instaurant
766 544 928 615 exemplum
950 551 1042 602 vetus

587 679 740 737 Veritas

165 807 232 850 2875
246 783 369 844 Frustra
392 790 494 841 terres.
524 783 599 839 Mihi
625 783 703 854 apud
725 784 856 841 homines
880 800 943 842 esse
967 786 1070 858 volupe
1094 793 1147 843 ost.

560 912 760 969 Parrhasia.

246 1019 330 1087 Hem,
355 1016 401 1074 fao
424 1015 591 1088 perieulum,
616 1016 641 1071 si
663 1015 748 1072 libet!

587 1144 740 1202 Veritas.

709 1248 821 1319 Aliquis
844 1248 925 1306 loeus

248 1343 437 1414 Quaerendus
461 1347 514 1412 est,
539 1340 589 1399 ubi
611 1343 688 1399 inter
709 1342 841 1399 homines
864 1343 955 1400 libere

249 1439 365 1496 Verser.
391 1437 449 1494 Sed
472 1437 530 1492 iarn
553 1441 647 1493 teneo.
672 1436 858 1492 Domioiiium
880 1443 963 1494 vetus

248 1535 351 1590 Asiam
373 1531 470 1589 adibo.

561 1657 764 1714 Parrhasia.

433 1761 497 1818 Nisi
521 1778 583 1817 eam
607 1759 730 1817 Satanas
754 1765 846 1817 totam
869 1769 1000 1834 occupat.

589 1890 740 1947 Veritas.

172 2017 234 2059 aoso
251 1996 306 2066 Qui
329 1992 405 2052 sois?
429 1993 515 2063 Satis,
541 1994 653 2064 opinor,
677 1993 706 2048 in
728 1992 849 2064 Europa
871 1992 961 2050 habet
983 2011 1080 2067 agere.

565 2130 767 2188 Parrhasia.

250 2237 318 2294 Non
341 2209 400 2292 vidi
423 2236 452 2291 in
475 2235 595 2306 Europa
618 2233 764 2302 Satanam,
790 2233 843 2290 sed
865 2235 962 2292 omnia

250 2331 333 2389 Solus
358 2330 492 2387 devastat
515 2322 664 2409 ἀπορρώξ
685 2327 834 2385 furiarum.

588 2457 742 2515 Veritas.

794 2560 884 2629 Quem
908 2559 972 2618 ais?

564 2688 765 2744 Parrhasia.

251 2791 476 2850 Pammachium.
502 2790 596 2859 Quare
621 2789 758 2846 Satanam
782 2791 885 2860 opinor
907 2791 935 2848 in
959 2791 1061 2850 Asiam

251 2887 378 2943 Duxisse
401 2885 570 2953 exercitum,
594 2889 627 2940 ut
650 2885 737 2941 etiarn
760 2885 883 2955 vestigia

177 2999 237 3042 2885
252 2981 457 3052 Reliquiasque
480 2983 555 3048 tuaS,
580 2979 604 3034 si
627 2994 700 3050 quae
723 2978 781 3035 illie
805 2984 879 3048 sunt,
904 2979 1009 3036 deleat.

592 3115 746 3174 Veritas.

253 3221 315 3290 Quo
339 3237 384 3277 me
407 3225 528 3288 vertam,
552 3221 660 3276 neseio.
686 3219 762 3288 Quid
784 3224 897 3276 tanturn
919 3220 1026 3278 misera
1049 3238 1103 3293 ego

253 3314 427 3382 Commerui,
451 3319 484 3370 ut
506 3314 599 3370 nullus
622 3314 652 3370 in
675 3314 761 3370 terris
784 3313 854 3370 mihi
878 3313 915 3370 sit
938 3313 1039 3371 loeus?

253 3409 380 3480 Sequere
403 3408 462 3465 me!
486 3408 578 3464 Recta
601 3408 639 3464 ad
663 3406 809 3464 Christum
833 3409 1004 3477 concedam,
1031 3411 1076 3466 eui

252 3502 348 3560 Istaec
372 3519 514 3574 exponam
538 3501 634 3558 omnia
656 3506 819 3573 petamque,
843 3506 875 3557 ut
898 3502 968 3558 mihi
991 3503 1087 3560 locum

177 3615 238 3658 2890
252 3595 311 3653 Det
332 3597 482 3656 meliorem
505 3612 589 3668 quarn
611 3597 698 3653 istam
720 3600 831 3652 vastam
855 3595 1049 3653 solitudinem.
1093 3630 1096 3640 ι

223 3745 263 3777 Lat
276 3745 452 3778 Litteraturdenkm.
463 3744 479 3778 3.
985 3739 1002 3789 9
