2824 4188
381 261 596 320 NAOGEORGVS,
621 265 827 310 Phunhcfflvs
853 255 876 324 I,
902 258 927 312 l.
1104 259 1138 312 ῙῘ

585 439 722 496 Ρ61116.

154 503 208 598 aaa
223 536 298 605 Heu,
323 535 389 602 heu,
413 533 487 590 male
512 533 575 602 erit,
601 551 672 606 quas
695 535 897 606 plantavimus,
923 538 1063 606 ecclesiis,

223 630 381 701 Nostrique
404 627 520 685 labores
544 628 586 685 sic
608 628 769 686 reddentur
791 631 880 688 inriti.

568 729 742 788 Christus.

222 827 272 884 Nil
295 825 411 882 certius.

582 926 719 984 Paulus.

435 1021 493 1078 Sed
515 1025 614 1078 tamen
637 1023 789 1093 episcopos
812 1029 883 1095 puto

133 1122 134 1125 ’
221 1119 329 1175 Sanam
352 1116 514 1174 doctrinam
538 1114 708 1173 defensuros
731 1115 849 1174 fortiter

221 1213 284 1270 Nec
306 1216 366 1268 tam
387 1209 474 1268 facile
496 1210 595 1266 mundi
619 1227 752 1268 cessuros
775 1212 913 1285 principi3

158 1327 207 1368 aaa
222 1306 305 1364 Vnde
328 1305 407 1363 haud
431 1304 550 1362 dubium
574 1321 609 1360 ex
631 1305 738 1377 populo
763 1307 873 1364 servari
895 1307 1043 1378 plurimos.

222 1402 297 1459 Nam
320 1399 459 1472 quidquid
481 1399 617 1470 princeps
641 1399 801 1457 calliditate
825 1401 929 1472 diruet,

222 1497 281 1552 Per
302 1495 366 1552 illos
389 1511 458 1550 mox
481 1497 648 1552 constantes
671 1493 891 1552 instaurabitur.

221 1590 320 1647 Facile
344 1605 361 1646 a
383 1587 533 1645 nocturnis
556 1591 709 1644 servantur
731 1605 799 1646 oves
821 1589 933 1659 bestiis,

222 1684 253 1742 Si
275 1688 377 1756 pastor
400 1699 517 1754 operam
540 1686 628 1738 navet
651 1682 745 1754 sitque
767 1684 897 1756 pervigil.

161 1807 231 1860 [aas]
561 1791 735 1850 Christus.

159 1909 205 1952 235
220 1890 285 1947 Nisi
306 1889 348 1946 illi
371 1889 466 1960 primi,
490 1888 589 1956 Paule,
614 1887 651 1945 ad
675 1887 812 1946 Satanam
836 1891 985 1947 cesserint.

578 1992 721 2056 Paulus

221 2095 407 2152 Horrendum
429 2093 481 2151 ais.
507 2093 580 2150 Tum
602 2093 643 2150 nil
666 2094 729 2165 spei
752 2098 831 2151 essct
853 2095 1003 2168 reliquum.

567 2204 742 2262 Christus

156 2285 157 2288 Ἴ
220 2302 341 2358 Factum
365 2299 483 2358 docebit
504 2299 591 2371 paulo
614 2305 690 2372 post,
715 2317 801 2372 quam
823 2301 937 2358 naviter

221 2395 347 2452 Satanae
370 2395 518 2463 resistant,
543 2411 627 2466 quam
652 2395 711 2451 sint
734 2399 910 2466 constantes
937 2396 986 2453 diu

220 2491 372 2562 Noctuquc
396 2493 534 2562 quantum
556 2489 685 2561 vigilent,
710 2495 849 2562 quantum
871 2491 982 2562 gloriae

162 2603 206 2644 aro
221 2585 295 2640 Mihi
319 2583 390 2641 dent
413 2588 442 2640 61
465 2588 602 2655 quantum
625 2601 731 2640 nomen
752 2590 944 2656 promoveant
965 2601 1069 2642 meum.

586 2693 722 2751 Petrus.

220 2788 309 2860 Atqui
331 2788 402 2845 mihi
425 2805 491 2859 spes
515 2793 560 2844 661
582 2789 613 2845 in
637 2805 681 2857 eo,
706 2789 754 2860 qui
777 2789 927 2860 praesidet

221 2883 368 2951 Romanis,
394 2882 591 2951 Pammachio,
617 2899 701 2954 quem
723 2883 899 2940 industrium
921 2883 1027 2952 ferunt,

220 2977 357 3049 Doctum,
381 2976 488 3034 fortem
511 2981 597 3049 atquc
621 2981 771 3034 strenuum
792 2977 951 3035 laboribus

564 3085 741 3143 Christus.

221 3181 290 3237 Fuit
314 3181 338 3236 is
363 3181 487 3252 quidem,
512 3186 544 3238 ut
568 3181 649 3238 (11616.
675 3179 733 3237 Sed
755 3181 930 3252 permultum
952 3182 1085 3250 interest,

164 3293 205 3333 aas
220 3277 267 3330 An
289 3276 434 3347 perpetim
457 3277 520 3348 quis
543 3279 721 3346 perseveret,
750 3275 797 3347 qui
820 3274 884 3332 fuit.

220 3369 296 3426 Nam
318 3370 484 3440 repperisse
507 3369 640 3426 veritatis
664 3369 811 3426 tramitem

221 3463 360 3536 Magnum
384 3469 437 3532 est,
463 3464 566 3520 sedin
590 3481 624 3521 eo
647 3464 812 3535 perstitisse
836 3465 944 3537 iugiter

222 3557 382 3616 Maximum
405 3563 435 3615 et-
458 3575 547 3630 opera
570 3559 685 3615 domum
709 3559 892 3616 commendat
919 3559 1024 3616 omnia.

223 3652 435 3722 Pammachius,
460 3653 568 3724 inquo
593 3653 655 3710 solo
680 3652 734 3709 tibi
758 3669 823 3724 spes
848 3659 900 3723 est,
927 3670 996 3711 cave

207 3761 247 3792 unt.
260 3758 440 3792 Litteraturdonhru.
450 3758 466 3790 3.
972 3756 974 3762 '
