2824 4196
249 243 308 302 100
448 254 661 313 unoeuoacva
683 256 889 301 rnnnnouivs.
914 245 967 316 III,
994 249 1022 304 5.

315 433 391 489 Nam
415 431 547 488 Christus
572 449 635 488 cum
658 448 782 503 propere
806 433 892 489 terris
916 433 1093 504 discesserit,

317 527 404 584 Haud
428 527 606 582 comminisci
630 527 707 584 solus
731 527 823 598 quivit
846 529 951 596 omnia,
1137 523 1138 528 ’

244 639 302 681 aleo
317 622 396 691 Quae
420 621 531 677 autad
554 621 677 677 salutem
700 628 750 678 ant
773 621 810 678 ad
835 622 970 679 decorem
994 621 1154 694 eciderunt,

317 716 375 773 Sed
397 716 488 772 multa
511 715 599 772 Petro
623 715 758 787 Patrique
783 717 999 774 successoribus

316 811 485 878 Statuenda,
510 810 649 866 mutanda
672 811 853 868 attollenda
876 812 992 868 traditis

317 906 445 976 Reliquit
468 904 613 961 caelorum
637 905 774 972 clavibus,
799 911 831 961 nt
854 906 941 962 etiam
965 923 1007 975 ea,

316 1001 475 1072 Tamquam
498 1015 515 1055 a
538 999 593 1055 deo
618 1004 715 1056 essent
738 999 855 1068 tradita,
881 1001 1066 1071 suscipienda
1090 1003 1155 1059 sint.

244 1114 301 1155 meo
317 1095 413 1164 Quare
435 1093 611 1164 baptismum
635 1093 744 1149 Christi
766 1093 862 1150 verbis
885 1095 1002 1152 tradere

316 1189 409 1246 Nullis
433 1188 511 1245 sedis
534 1187 682 1245 Romanae
705 1188 826 1244 adnexis
854 1188 957 1246 ritibus

317 1283 482 1340 Ridiculum
505 1287 583 1339 esset
606 1287 635 1338 et
659 1283 775 1340 omnino
799 1282 907 1354 absque
931 1285 1026 1354 capite
1048 1284 1156 1343 fabula.

315 1379 391 1436 Nam
414 1377 492 1434 haud
515 1377 610 1434 verbis
635 1377 785 1434 dumtaxat
808 1377 964 1448 abiguntur
986 1379 1151 1450 daemones

318 1472 376 1530 Sed
400 1473 459 1530 sale
483 1489 554 1544 opus
579 1477 676 1528 estet
699 1471 1045 1546 episcopalilchiismate,

246 1587 303 1628 amo
319 1568 399 1637 Quae
422 1567 596 1624 mirabiliter
619 1567 714 1623 cuncti
738 1566 895 1623 exhorrent
918 1567 1083 1625 daemones,

318 1663 379 1732 Neo
403 1662 524 1732 simplex
547 1678 600 1718 nec
623 1661 740 1732 quaevis
764 1666 894 1718 sumatur
917 1663 1029 1733 aqunla,
1054 1664 1106 1720 sed

318 1759 397 1828 Quae
419 1755 581 1827 magnificis
605 1753 738 1812 confecta
761 1755 799 1811 sit
822 1757 1014 1825 caerimoniis

318 1853 363 1909 Ne
386 1853 479 1908 istaec
501 1866 621 1921 prorsus
644 1849 732 1906 rebus
755 1850 890 1921 inemptis
915 1856 1049 1908 constent
1071 1869 1163 1909 sacra

360 1946 459 2014 Sexto,
484 1945 551 2016 quia
574 1943 706 2000 Christus
729 1943 781 2000 sub
806 1944 914 2016 duplici
937 1946 1043 2016 specie,
1068 1947 1199 2017 eorporis

245 2060 302 2102 2195
318 2040 435 2098 Scilicet
458 2045 485 2097 et
510 2039 666 2110 sanguinis
691 2055 791 2096 cenam
814 2039 968 2096 instituens
993 2057 1073 2096 suam

317 2137 385 2193 Nou
407 2134 613 2192 animadvertit
636 2138 772 2203 oportere
794 2134 872 2190 inter
894 2134 984 2191 laicos

247 2241 317 2295 [aaa]
342 2233 438 2302 Atque
462 2229 630 2286 sacerdotes
655 2245 718 2284 esse
743 2227 935 2286 differentiam

316 2325 379 2381 Nec
402 2323 571 2394 sanguinem
595 2321 631 2378 ab
653 2321 789 2392 imperita
811 2323 995 2380 multitudine

318 2418 438 2476 Effundi
460 2434 556 2489 posse,
581 2417 744 2484 statuimus,
767 2423 799 2474 ut
821 2418 928 2489 populo
953 2418 1045 2475 altera

246 2533 303 2574 arou
319 2513 437 2585 Species
460 2517 583 2583 negetur
606 2517 714 2568 etune
738 2517 889 2569 contentus
917 2512 1012 2569 abeat.

317 2609 403 2665 Vncti
426 2625 495 2663 vero
519 2606 658 2663 ambabus
686 2606 837 2664 dumtaxat
858 2607 1005 2678 gaudeant

318 2703 357 2759 Vt
379 2719 528 2760 sacrarum
551 2700 733 2758 confectores
757 2719 852 2758 rerum
880 2702 965 2758 unici.

318 2798 373 2868 Qui
397 2799 485 2854 etiam
510 2802 615 2864 tamen,
641 2797 665 2851 si
688 2813 719 2853 se
742 2797 848 2866 populo
874 2796 1076 2853 coniunxerint

318 2893 379 2949 Nec
402 2909 455 2964 per
477 2909 507 2948 se
532 2891 629 2948 divina
651 2895 794 2961 peragant
815 2891 955 2962 mysteria

245 3007 303 3048 asos
318 2988 378 3044 Aut
401 2985 502 3043 morbo
526 2991 577 3042 ant
599 3003 630 3041 re
654 2985 711 3042 alia
733 2985 897 3056 praepediti
920 2987 1064 3058 quapiam,

319 3084 345 3138 A
370 3081 460 3138 calice
483 3081 650 3138 abstineant
673 3097 736 3136 cnm
759 3081 874 3151 populo.
901 3079 1018 3137 Certum
1042 3087 1086 3138 est
1109 3083 1185 3140 enim

320 3177 405 3232 Panis
430 3175 482 3232 snb
506 3175 602 3246 specie
627 3175 769 3232 contineri
792 3180 822 3230 et
844 3175 1021 3246 sanguinem.

318 3270 431 3326 Deinde
455 3287 508 3326 nec
532 3269 740 3326 communionis
764 3269 886 3339 amplius

319 3364 381 3421 Neo
405 3381 493 3420 cenae
517 3364 679 3420 dominicae
702 3363 799 3433 placet
822 3363 987 3433 appellatio.

245 3478 303 3519 aare
319 3457 499 3515 Sacrificium
523 3463 552 3514 et
574 3458 663 3514 missa
685 3461 813 3524 vocetur,
838 3475 911 3528 quae
934 3461 1056 3516 mortuis

319 3554 455 3625 Vivisque
479 3571 514 3610 ex
538 3569 625 3624 opere
649 3555 770 3624 operato
795 3553 905 3608 curretis
932 3554 1068 3624 impetret

318 3649 529 3706 Remissionem
551 3651 738 3719 peccatorum
761 3646 838 3716 apud
862 3647 957 3705 deum.
