2824 4188
1151 240 1168 296 7

235 427 396 498 periculum
419 431 475 495 est,
511 443 547 484 ne
564 431 715 508 ¹perpetuo
740 426 922 498 exagitandis
946 427 1033 498 impie
1057 431 1086 483 ct
1109 444 1169 484 sce-

236 522 329 578 lerate
357 521 443 578 factis
471 521 591 577 nimium
618 521 805 592 procedatur.
857 523 901 578 Ac
923 521 1053 578 videmus
1077 521 1167 578 nihilo

235 617 329 672 minus
352 614 506 687 pontifices
529 616 575 672 vel
597 633 699 687 parum
722 617 767 672 vel
784 615 869 684 nihil,
894 615 950 671 uisi
973 615 1050 687 quod
1073 615 1101 672 vi
1122 633 1170 672 cx·

236 715 397 782 torquetur,
426 710 576 768 remittere
605 710 641 767 de
669 727 722 766 sua
748 711 918 781 pertinacia.
943 711 1005 766 Nec
1033 710 1169 767 videntur

205 805 368 875 adesituri,
398 805 491 862 donec
517 805 647 876 ipsorum
673 805 764 876 impia
790 805 924 861 doctrina
952 809 982 860 et
1008 805 1168 861 auctoritas

233 899 349 970 penitus
378 899 572 956 subvertatur.
623 899 724 971 Neque
759 899 836 955 enim
863 899 979 970 tyranni
1010 899 1091 970 prius
1120 899 1168 955 de-

236 995 334 1050 sinunt
358 994 406 1050 sui
426 993 533 1050 similes
558 1011 634 1061 esse,
661 1010 745 1066 quarn
773 998 903 1050 extrema
929 999 1060 1065 urgeant.
1086 993 1169 1050 Sicut

233 1088 394 1160 Dionysius
418 1087 531 1144 Siculus
555 1088 624 1145 olim
646 1086 741 1145 fertur
769 1087 877 1144 dixisse
905 1088 1090 1159 tyrannidem
1110 1105 1169 1144 non

236 1182 343 1239 debere
367 1182 490 1254 relinqui
513 1182 549 1239 ab
584 1182 642 1250 illo,
678 1183 727 1254 qui
759 1182 886 1238 insideat
919 1199 1001 1254 equo,
1037 1183 1089 1238 sed
1122 1183 1170 1254 qui

193 1277 372 1337 retrahatur
406 1277 538 1348 pedibus.
601 1276 673 1334 Cum
705 1277 795 1348 igitur
832 1276 1028 1334 exhibuissem
1065 1277 1168 1334 harum

234 1372 386 1442 regionum
409 1371 519 1443 aliquot
540 1371 625 1428 bonis
649 1376 679 1428 et
702 1371 795 1428 doctis
818 1371 888 1428 viris
911 1388 1006 1428 meum
1029 1372 1169 1442 scriptum

234 1471 265 1523 et
287 1466 496 1522 intellexissem
524 1466 596 1536 ipsis
625 1465 777 1523 consilium
799 1483 895 1522 meum
921 1483 979 1522 non
1002 1465 1166 1536 displicere,

233 1561 326 1617 visum
355 1565 400 1617 est
427 1559 465 1617 ad
488 1565 567 1617 tuam
591 1561 763 1632 dignitatem
778 1560 904 1628 mittere,
929 1565 961 1616 ut
981 1561 1166 1630 intellegeres

235 1660 265 1711 et
286 1655 448 1726 peregrinis
472 1654 606 1726 gentibus
635 1655 764 1711 studium
787 1659 915 1711 vestrum
942 1655 972 1710 in
998 1655 1168 1712 renovanda

191 1767 219 1809 15
235 1750 368 1806 doctrina
396 1749 596 1806 ecclesiastica
623 1754 652 1806 ct
680 1749 816 1806 tollendis
842 1749 997 1818 abusibus,
1033 1749 1081 1820 qui
1109 1749 1167 1805 iam

234 1845 320 1915 longo
351 1849 483 1915 tempore
516 1845 547 1900 in
581 1843 704 1902 ccclesia
734 1843 928 1911 invaluerant,
968 1843 1165 1914 maximopere

233 1938 367 2009 probari,
406 1939 491 1994 simul
528 1939 617 1995 etiam
659 1938 797 2008 exemplis
836 1937 1093 2005 confirmaremini,
1132 1943 1165 1993 ut

190 2043 258 2097 [nob]
281 2033 391 2090 maiore
421 2033 516 2089 animo
545 2032 622 2104 quod
649 2032 817 2088 instituistis
845 2027 1035 2103 perficeretis
1052 2027 1054 2109 l
1072 2032 1167 2088 Decet

234 2129 309 2184 enim
336 2145 440 2199 magno
465 2144 608 2184 consensu
634 2144 687 2184 nos
713 2144 811 2184 omnes
840 2127 945 2195 adniti,
975 2132 1007 2183 ut
1034 2128 1166 2198 tyrannis

187 2241 218 2282 ao
233 2239 269 2278 ex
292 2222 416 2279 ecclesia
437 2223 611 2294 pracsertim
634 2223 820 2294 exstirpetur.
849 2221 890 2278 Et
912 2221 1048 2292 quoniam
1070 2239 1166 2278 meum

233 2317 372 2388 scriptum
399 2317 516 2372 minime
544 2317 605 2373 eius
633 2317 748 2388 generis
778 2332 842 2373 csse
870 2316 946 2384 scio,
980 2316 1009 2372 in
1036 2333 1091 2388 quo
1120 2317 1166 2372 vel

232 2411 379 2482 ingenium
402 2411 447 2468 vel
470 2411 635 2483 eloquentia
658 2416 686 2468 te
711 2411 853 2468 acerrimo
869 2410 977 2466 iudicio
1001 2410 1167 2481 praeditum

232 2521 408 2576 magnopere
433 2505 579 2562 delectare
602 2506 705 2577 possit,
729 2504 814 2562 valde
838 2505 964 2576 optarim
986 2509 1014 2561 te
1038 2521 1091 2575 pro
1115 2509 1166 2561 tua

233 2599 373 2671 singulari
395 2599 585 2669 humanitate,
611 2617 696 2672 quam
719 2599 806 2656 audio
830 2604 859 2655 te
884 2616 948 2655 cum
971 2600 1077 2656 eximia
1100 2599 1167 2656 doc·

188 2711 217 2752 25
232 2693 309 2749 trina
326 2693 519 2763 coniunxisse,
542 2694 612 2751 boni
636 2694 786 2751 consulere
810 2693 937 2749 studium
954 2710 1062 2764 mcum3
1087 2693 1165 2766 quod

233 2791 265 2842 ut
291 2785 382 2845 facias
411 2791 440 2845 et
462 2805 507 2845 me
536 2794 603 2845 tuae
627 2788 762 2860 dignitati
787 2786 1019 2844 commendatum
1042 2787 1161 2856 habeas

233 2882 419 2940 vehementer
443 2883 531 2939 etiam
554 2887 639 2954 atque
664 2883 751 2940 etiam
775 2899 855 2953 rogo.
881 2882 960 2938 Bene
987 2883 1059 2939 vale.
