2824 4196
355 279 569 328 0000000070,
592 281 797 325 0000000100.
823 270 876 339 ΙΙΙ,
903 271 929 328 6.
1105 271 1162 327 123

179 455 478 525 2000000101οω
501 461 580 513 tuam
603 457 669 526 sint,
696 457 856 527 consulant,
881 458 1046 529 provincias

257 549 405 620 Expilent,
432 550 550 608 decreta
573 555 623 608 lua
646 557 763 608 servent
784 553 928 622 perpetim

257 643 299 700 Et
321 644 345 700 si
369 645 431 716 quis
454 649 521 715 post
544 662 589 702 me
612 662 689 716 papa
712 663 728 702 a
751 651 780 702 tc
805 645 968 704 desciscere

257 737 399 808 Voluerit,
423 739 607 810 prohibeant,
632 740 779 808 resistant,
805 746 936 811 arguant,

257 832 384 890 Venenis
407 850 522 905 semper
544 834 582 890 ad
605 834 660 890 hoc
682 835 793 905 paratis
822 834 955 892 obruant.

595 945 754 1003 Satanas

182 1057 244 1100 2740
258 1039 465 1097 Necessarium
489 1040 644 1113 opificium,

547 1144 800 1202 Pammachius.

641 1239 719 1308 Quos
742 1256 825 1296 rasos
849 1239 939 1310 vides

257 1332 332 1389 Aliis
356 1338 441 1405 atque
466 1333 529 1390 aliis
553 1334 655 1404 pennis
678 1335 810 1402 vestitos,
834 1352 924 1405 genus

258 1426 373 1483 Humile
398 1427 512 1499 quidem
536 1428 679 1496 videntur,
704 1428 756 1484 sed
779 1428 889 1485 habent
911 1429 1065 1486 maximam

257 1521 292 1577 In
314 1539 403 1593 regno
427 1522 624 1592 promovendo
648 1523 704 1578 vim
729 1527 757 1578 et
780 1524 950 1593 potentiam.

256 1615 317 1672 Eos
341 1617 451 1673 cunctis
475 1617 504 1672 in
528 1617 695 1674 scandalum
717 1615 775 1674 feci
798 1616 970 1687 hominibus,

184 1728 244 1770 2750
260 1709 298 1766 Vt
320 1709 397 1767 fictis
420 1711 527 1768 mundo
551 1711 684 1768 inludant
706 1711 895 1782 religionibus

256 1804 296 1860 Et
317 1805 488 1861 meritorum
511 1805 588 1876 apud
612 1823 662 1863 eos
685 1805 849 1863 habeantur
871 1806 1026 1875 nundinae,

235 1899 317 1970 ,Ipsi
341 1904 480 1970 spernant
503 1899 651 1956 Christum
675 1900 855 1972 doceantque
879 1917 1025 1972 spernere,

255 1993 299 2049 De
323 1993 432 2049 viribus
457 2011 565 2050 summe
590 1995 648 2050 suis
673 1994 844 2065 superbiant

257 2087 373 2159 Meique
397 2104 481 2144 sacra
504 2089 562 2144 sint
584 2093 708 2159 papatus
732 2105 840 2146 ancora

180 2199 240 2242 2755
254 2181 294 2238 Et
317 2181 355 2239 ad
379 2182 590 2240 converrendas
614 2182 740 2254 undique
762 2182 888 2254 praedas
915 2200 1011 2242 00000.

594 2294 755 2352 Satanas.

255 2389 302 2445 Ha
325 2389 362 2445 ha
385 2389 435 2446 hel
459 2389 564 2446 Melius
588 2391 650 2462 ipse
673 2390 752 2447 haud
774 2390 935 2462 potuissem
957 2390 1075 2462 fingere.

546 2493 800 2549 Pammachius

257 2585 334 2656 Quid
356 2585 481 2643 referam
505 2585 636 2659 singula?
661 2587 820 2658 Reliquiae,
846 2587 961 2657 templa,
988 2591 1111 2655 stat-uae,

255 2776 425 2832 Animarum
448 2781 573 2847 spectra,
598 2775 784 2844 monasteria,
809 2775 949 2832 miracula

185 2879 244 2932 [Ios]
266 2869 306 2926 Et
330 2871 354 2926 si
378 2887 451 2942 quae
475 2871 532 2926 alia
555 2887 620 2926 mea
641 2886 783 2940 peperere
807 2870 952 2941 dogmata,

256 2963 321 3021 Hoc
343 2963 462 3033 faciunt,
487 2970 519 3021 ut
543 2963 652 3021 Christi
676 2963 848 3021 obscuretur
870 2964 963 3036 gloria

254 3058 386 3130 Aliisque
409 3059 463 3115 viis
486 3059 624 3115 mortales
649 3058 760 3116 caelum
783 3058 924 3114 scandere

254 3153 394 3211 Nitentur
417 3153 606 3226 doctrinaque
630 3154 750 3210 tollatur
772 3153 879 3209 sanior.

590 3265 755 3322 Satanas

255 3358 452 3417 Pulcherrime
475 3361 567 3417 istaec
591 3361 702 3432 cogitas
725 3376 795 3431 prae
824 3360 937 3416 ceteris.

542 3481 796 3538 Pammachius.

183 3589 240 3632 2700
256 3573 295 3630 Et
319 3574 354 3631 de
377 3580 441 3632 tota
463 3574 521 3632 fide
544 3575 584 3631 nil
610 3576 649 3631 sis
673 3575 814 3632 sollicitus
838 3592 871 3630 ac

255 3667 317 3736 Quo
341 3675 428 3740 pacto
452 3670 576 3741 populus
601 3669 638 3726 ad
661 3669 781 3726 verbum
804 3675 907 3740 parcat
930 3669 993 3725 tibi.
