2824 4196
271 265 329 321 146
469 273 910 332 unocnonovs,muuscu1vs
934 265 983 334 IV,
1008 268 1037 322 4.

337 451 401 508 Nec
423 450 519 507 omnia
543 466 632 520 opera
654 450 789 520 humana,
814 452 994 523 quantumvis
1017 452 1104 522 bona,

337 545 550 602 Remissionem
572 549 758 615 peccatorum
782 546 940 616 operarier.

637 655 867 729 Porphyrius.

339 753 361 810 Ο
385 752 489 822 impios
513 751 597 822 plane
620 749 767 807 homines!

621 861 876 918 Pammachius.

738 955 799 1012 Vae
823 957 1021 1014 caerimoniis!

683 1065 823 1125 Dromo.

263 1181 321 1223 3245
335 1161 397 1218 Nec
421 1161 458 1217 ad
481 1160 604 1216 salutem
628 1159 728 1216 dicunt
749 1148 943 1231 indulgentias

336 1256 456 1327 Requiri
478 1258 599 1310 vestras.
646 1253 769 1322 Quidam
792 1271 846 1310 nec
868 1254 980 1312 faciunt
1001 1257 1061 1327 pili.

635 1364 866 1436 Porphyrius.

336 1461 418 1529 Hem,
444 1461 518 1516 istuc
542 1460 630 1516 etiam
652 1455 791 1515 tradunt?

624 1570 878 1628 Pammachius.

775 1663 836 1722 Vae
860 1667 967 1722 nostris
991 1667 1139 1724 nundinis!

335 1760 411 1829 Quid
432 1777 508 1815 nunc
530 1757 661 1826 facimus
686 1756 815 1816 Satana?

669 1878 830 1936 Satanas.

807 1970 902 2041 Quid?
929 1972 1037 2042 Macte,
1062 1975 1192 2048 interfice

329 2069 428 2135 Terra,
455 2084 531 2135 acre,
555 2066 623 2137 igni,
649 2082 723 2137 aqua
746 2083 854 2135 omnes,
879 2084 950 2138 quos
973 2067 1057 2123 huius
1081 2069 1144 2125 viac

204 2223 207 2228 ,
258 2181 314 2223 3250
329 2163 440 2218 Nactus
462 2160 566 2218 fueris!
591 2160 673 2216 Vnde
697 2177 751 2230 ego
773 2177 825 2218 vos
849 2161 972 2232 posthac
994 2178 1154 2232 pascerem,

331 2256 363 2312 Si
386 2256 523 2326 dogmata
545 2255 618 2310 hacc
641 2253 815 2310 abstulerint
837 2252 1011 2326 vectigalia?

332 2350 398 2406 Huc
421 2365 476 2416 res,
501 2353 533 2404 ut
555 2348 650 2416 video,
675 2348 777 2405 tendit.
803 2349 886 2404 Nunc
910 2349 1001 2405 omnis
1024 2349 1098 2420 lapis

332 2442 494 2500 Movendus
520 2447 573 2498 est.
598 2441 680 2498 Nunc
705 2443 780 2499 vircs
804 2447 916 2499 vestras
939 2428 1080 2513 promite!

332 2538 423 2606 Nunc,
448 2553 523 2592 nunc
546 2553 636 2592 novus
661 2536 830 2592 scribendus
858 2541 902 2592 cst
925 2537 1079 2612 exercitus.

634 2655 863 2727 Porphyrius.
923 2695 928 2702 -

259 2772 315 2812 3255
331 2752 388 2822 Sic,
413 2750 588 2818 Pammachi,
613 2750 687 2807 male
712 2750 849 2806 succedet
872 2751 1001 2821 venatio;

331 2846 429 2902 Etiam
451 2846 613 2916 plaustrum
637 2845 854 2900 exonerandum
878 2849 923 2900 cst
945 2845 1140 2916 indulgentiis

545 2997 548 3004 .
620 2964 872 3020 Pammachius.

334 3060 364 3118 Si
388 3061 450 3132 quis
474 3059 544 3116 mihi
568 3059 652 3115 daret
675 3058 759 3114 huius
783 3059 933 3116 doctrinae
958 3065 1052 3131 caput,

333 3155 525 3211 Frustillatim
549 3150 683 3210 dentibus
706 3152 777 3209 illud
801 3153 1004 3224 discerperem.

332 3248 443 3305 Hocine
467 3265 571 3319 parare
596 3247 758 3318 quempiam
780 3247 954 3316 mortalium,

259 3361 316 3402 saco
332 3343 414 3399 Itane
438 3342 555 3399 tandem
579 3357 717 3412 spernere
741 3339 850 3396 Christi
876 3341 1032 3398 vicarium!

665 3460 825 3517 Satanae.

330 3556 397 3625 Hui,
422 3573 489 3612 mox
512 3556 568 3612 huc
590 3554 733 3626 primores
757 3571 856 3611 omnes
881 3555 1040 3624 concedite,

257 3662 323 3716 [Lea]
360 3651 398 3708 Vt
421 3650 490 3722 quid
513 3649 597 3706 nobis
620 3647 784 3706 faciendum
808 3649 855 3718 sit,
880 3650 1025 3706 sententia
