2824 4196
283 259 340 316 138
478 269 690 328 nnoonoaovs,
714 269 919 314 PAMMAGHIVS.
944 257 997 326 IV,
1019 258 1045 314 3.

696 445 832 511 Patrne,

534 537 670 596 Adflictis
694 539 781 596 rebus
804 539 930 608 consule,

349 635 499 706 Magister,
523 633 704 705 Veritatique
728 632 839 690 tribuas
862 633 965 701 locum,

350 729 394 787 Ne
418 728 620 786 Pammachius
644 729 816 800 expugnatis
839 725 1010 784 mortalibus

277 843 334 885 eoas
348 824 389 881 Et
410 824 441 879 in
462 826 633 894 perpetuam
656 822 824 879 servitutem
847 821 963 879 traditis

349 917 442 976 Nobis
466 917 534 973 dein
557 915 730 973 caelestibus
753 915 901 987 negotium

349 1013 490 1070 Facessat
512 1016 542 1068 ot
564 1011 594 1067 in
619 1010 729 1067 caelum
752 1026 842 1081 usque
865 1011 947 1082 regni
970 1007 1101 1081 proferat

349 1106 492 1164 Pomaria.

690 1214 842 1272 Veritas.

485 1317 580 1390 Certe,
605 1317 701 1388 Petro,
726 1317 885 1374 timendum
909 1334 1022 1375 censeo.

350 1413 425 1470 Nam
448 1418 586 1486 quantum
608 1413 747 1481 intellexi,
770 1412 802 1469 id
824 1412 940 1468 videtur
962 1417 1074 1469 struere
1097 1428 1150 1469 nec

279 1526 336 1568 aooo
350 1507 473 1566 Frustra
496 1508 532 1565 de
556 1508 628 1565 caeli
651 1507 794 1578 gloriatur
817 1506 953 1564 clavibus

697 1627 835 1683 Petrus
869 1679 876 1700 Ι

347 1731 393 1788 Ι)0
416 1731 586 1788 adulterinis
609 1727 729 1788 forsan?
752 1730 827 1787 Nam
849 1731 957 1801 primas
981 1746 1034 1802 ego

350 1825 518 1897 Probasque
541 1823 645 1882 habco.
669 1823 768 1882 Nihilo
792 1825 885 1881 minus
909 1830 1006 1882 tamen
1029 1841 1131 1894 seram,

350 1920 502 1991 Magister,
527 1935 631 1976 censeo
654 1919 823 1976 mutandam
846 1924 875 1975 ct
898 1918 1011 1976 obicem

349 2014 478 2071 Firmum
501 2018 531 2070 ct
553 2012 769 2070 adamantinum
792 2012 996 2084 applicandum
1019 2013 1131 2070 ianuae.

681 2140 856 2198 Christus.

278 2262 335 2305 0005
350 2244 399 2300 Nil
421 2245 475 2302 hoc
499 2261 570 2316 opus
594 2249 640 2302 est
661 2246 773 2313 timere,
798 2244 893 2301 Petra.
918 2244 984 2302 Non
1007 2244 1063 2301 huc
1085 2245 1177 2302 sinam

349 2338 412 2394 Nec
427 2337 565 2395 Satanam
587 2355 641 2395 nec
656 2338 872 2395 Pammachium
895 2355 1065 2410 quemquam
1082 2339 1252 2410 ascendere,

351 2432 495 2501 Quantum
518 2433 606 2489 etiam
630 2433 665 2489 de
689 2433 761 2490 caeli
785 2449 815 2490 se
838 2434 948 2490 iactent
972 2432 1107 2490 clavibus.

350 2526 428 2584 Eant
451 2527 526 2596 illuc,
550 2526 600 2584 ubi
623 2527 707 2584 nullis
732 2544 803 2599 opus
828 2533 873 2584 cst
895 2527 1032 2596 clavibus

350 2621 407 2678 Vbi
430 2621 491 2679 dics
516 2625 545 2679 et
567 2626 668 2679 noctes
691 2622 749 2678 late
772 2627 854 2694 patet
876 2622 972 2690 ianua,

279 2725 345 2778 [mo]
381 2715 454 2773 Suas
478 2733 533 2788 quo
558 2717 646 2773 etiarn
668 2716 858 2787 praemittunt
881 2716 1084 2788 indulgentias

352 2809 423 2867 Illuc
446 2810 600 2867 trudentur
623 2828 687 2867 curn
710 2809 842 2867 omnibus
867 2809 1049 2882 Gigantibus,

352 2903 407 2973 Qui
430 2904 511 2960 divos
535 2904 722 2976 hominesque
746 2905 809 2962 ausi
833 2909 900 2961 sunt
923 2903 1071 2976 adfligere.

353 2997 544 3069 Quapropter,
570 2999 695 3067 Veritas,
721 2999 759 3055 sis
783 2999 878 3056 animo
903 2999 1086 3070 aequissimo.

347 3091 440 3148 Multo
465 3097 531 3148 sunt
552 3092 636 3163 plura
659 3109 743 3164 quarn
767 3109 839 3164 quae
862 3094 990 3149 narrasti
1012 3091 1096 3149 mala.

279 3203 335 3245 aios
350 3185 417 3242 Non
439 3184 512 3242 fiunt
533 3203 578 3243 me
602 3187 764 3258 ignorante.
788 3187 852 3258 Ego
877 3187 965 3243 etiam
988 3186 1097 3254 vidoro,

350 3279 394 3336 Ne
418 3279 494 3337 ultra
517 3297 601 3351 quam
625 3281 814 3338 constitutum
837 3286 881 3337 est
903 3280 1065 3352 procedant
1087 3295 1180 3352 neque

351 3372 390 3428 Vt
412 3373 442 3429 in
464 3372 607 3430 infinitum
630 3374 798 3446 praevaleat
820 3375 967 3446 iniquit-ao,

352 3465 477 3538 Propter
498 3485 587 3536 meos,
613 3485 734 3540 quorum
756 3485 828 3524 unus
853 3473 898 3524 est
919 3469 990 3524 mihi
1014 3468 1110 3526 carior

351 3559 443 3630 Quam
459 3578 557 3618 omnes
572 3561 758 3632 Parnmachii,
775 3578 860 3633 quarn
877 3567 996 3618 cunctae
1010 3561 1136 3618 Satanae
1149 3561 1255 3619 tribus.

277 3673 335 3715 3110
350 3655 430 3712 Nihil
452 3645 563 3724 timeas
589 3660 620 3712 ut
644 3656 736 3712 iustos
759 3655 885 3727 perdant
906 3655 987 3727 impii
