2824 4188
384 253 598 317 reuerendus,
621 257 829 312 ranunculus,
854 247 876 314 I,
902 247 929 303 3.
1106 248 1139 306 31

535 409 789 490 Pammachius}

231 533 261 590 Si
284 533 400 606 quidem
422 533 498 592 istuc
521 534 633 592 diceres
658 552 693 598 ex
716 537 822 607 animo,
847 537 1001 612 Porphyri.

545 664 774 738 Porphyrius.

230 767 412 839 Dispeream
437 767 461 824 si
483 784 542 824 non
564 785 634 826 vcra
657 773 686 826 et
709 787 745 828 ex
768 771 864 830 animo
886 772 998 844 loquor.

531 895 784 956 Pammachius,

171 1019 214 1061 cro
230 1000 366 1056 Animum
389 1016 486 1071 anges.
511 999 573 1056 Iam
596 1017 679 1069 nunc,
703 1017 769 1058 mea
792 1019 865 1074 quae
889 1005 926 1060 sit
949 1009 1103 1078 sententia,

230 1094 329 1152 Palam
353 1111 518 1165 cognosces
544 1099 573 1151 et
596 1093 664 1166 quid
687 1100 716 1152 te
739 1094 837 1154 facere
860 1099 954 1155 velim.

230 1189 297 1246 Non
318 1189 414 1260 placet
436 1175 478 1245 ita
500 1189 580 1244 humi
603 1205 730 1260 serpere,
754 1207 808 1247 nec
830 1208 936 1250 nomen
959 1194 1088 1268 episcopi

230 1283 298 1340 Sine
321 1283 433 1354 magnis
457 1283 573 1340 adridet
597 1283 749 1340 reditibus.
775 1283 857 1343 Vnde
881 1304 926 1344 me

229 1379 325 1436 Humo
349 1377 450 1434 tollere
475 1377 621 1446 constitui,
646 1395 824 1451 quocumque
847 1382 958 1452 poterit

173 1483 238 1536 [cta]
259 1473 360 1540 Modo,
386 1476 415 1528 ct
438 1471 529 1528 adid
553 1473 660 1541 conari,
686 1490 741 1545 quo
765 1473 916 1546 praeferar
939 1478 1081 1549 omnibus

229 1567 284 1637 Qui
306 1568 337 1623 in
358 1567 466 1624 mundo
490 1571 564 1635 sunt,
590 1567 735 1638 episcopis
759 1572 789 1624 et
810 1571 936 1627 maxima

229 1663 302 1720 Auri
325 1661 494 1733 argentique
517 1661 560 1716 vis
584 1666 723 1732 congesta
746 1668 890 1734 suppetat.

228 1757 343 1815 Deinde
366 1761 396 1813 et
418 1755 499 1826 regia
523 1772 698 1827 cognoscere
721 1758 840 1828 negotia

231 1853 393 1923 Omnesque
417 1849 564 1906 subiectos
587 1850 696 1907 habere
719 1852 865 1923 principes

172 1967 215 2008 cao
230 1945 417 2018 Magnificum
441 1949 471 2001 et
494 1943 575 2001 dulce
600 1945 664 2012 erit,
689 1949 722 2001 ut
743 1945 849 2002 timeor
871 1946 907 2004 ab
932 1949 1065 2006 omnibus

229 2041 388 2112 Nullusque
412 2039 461 2096 diu
483 2037 553 2094 mihi
577 2037 685 2095 audeat
707 2040 853 2097 resistere.
905 2053 907 2058 ·

231 2137 264 2193 ln
286 2136 332 2192 his
356 2151 475 2206 operam
497 2133 568 2190 mihi
591 2138 670 2190 tuam
692 2150 790 2204 nanee,
815 2134 969 2208 Porphyri.

230 2231 385 2288 Rationem
408 2244 530 2300 quaeras
554 2228 770 2302 scripturasque
795 2231 959 2302 contrahas,

228 2326 267 2382 Vt
291 2322 411 2382 confieri
433 2323 555 2394 possint,
579 2339 615 2379 ne
638 2321 720 2394 plebs
744 2324 894 2406 intellegat

172 2439 215 2482 cao
230 2420 345 2476 Favere
368 2417 467 2475 mundi
491 2417 664 2474 concinnata
688 2418 837 2490 principis.

231 2513 364 2571 Christus
388 2512 516 2570 enimin
539 2511 583 2567 his
606 2511 778 2583 linquendus
802 2518 847 2570 est
870 2514 1031 2585 conatibus

229 2609 268 2664 Vt
291 2608 399 2665 dictum
422 2611 475 2664 est.
501 2605 621 2662 Interim
643 2611 741 2662 tamen
764 2605 872 2664 Christi
895 2610 960 2666 volo

230 2702 366 2760 Sectator
388 2701 446 2758 dici
470 2705 499 2758 et
520 2699 624 2756 haberi
645 2700 730 2771 longe
753 2702 904 2759 maximus.

546 2829 774 2904 Porphyrius
849 2822 851 2826 ’

228 2934 331 2992 Ardua
353 2935 469 3007 quidem
492 2940 566 3003 sunt,
592 2953 665 3008 quae
688 2935 830 3007 instituis3
855 2940 923 2992 tuae
946 2939 1043 2993 tamen

171 3049 214 3090 cao
230 3029 279 3086 Nil
302 3029 432 3086 arduum
447 3029 505 3086 dici
529 3029 617 3087 debet
639 3029 821 3101 prudentiae.

228 3123 328 3180 Facile
352 3123 521 3195 adsequere.
545 3125 613 3182 Non
636 3123 730 3182 deerit
753 3124 828 3180 ratio
852 3141 944 3196 neque

232 3218 447 3289 Scripturarum
470 3217 668 3290 refragabitur
690 3218 859 3286 auctoritas,

230 3312 408 3368 Praesertim
431 3313 456 3368 si
478 3312 542 3369 illas
565 3313 713 3384 paululum
737 3313 914 3370 contorseris

230 3405 384 3477 Solumque
407 3411 436 3462 te
459 3423 560 3463 verum
584 3407 691 3465 dixeris
715 3408 913 3478 interpretem.

533 3536 784 3594 Pammachius.

170 3657 214 3700 cao
230 3639 330 3708 Recte,
354 3639 396 3696 ita
418 3639 522 3709 vivam,
546 3658 655 3698 mones.
680 3641 728 3698 lus
752 3657 835 3698 omne
859 3639 970 3696 scilicet
