2824 4188
292 428 414 496 propter
441 440 525 495 quem
552 422 622 479 velit
649 423 712 493 ipse
734 421 818 479 nobis
843 439 906 480 esse
929 425 1074 496 propitius
1100 429 1129 482 et
1151 427 1225 482 reoi-

290 536 360 592 pere
383 535 436 576 nos
459 519 489 573 in
512 517 645 588 gratiam,
671 517 786 573 etiamsi
809 517 898 574 simus
922 518 1032 590 indigni
1061 524 1091 576 et
1118 521 1225 578 sentia-

290 631 354 671 mus
392 630 446 670 nos
483 611 603 668 meritos
638 616 787 668 aeternam
820 612 894 668 iram
926 629 960 670 ae
996 613 1221 672 damnationem.

292 707 364 766 Cum
387 708 463 766 enlm
485 723 569 763 nemo
593 722 629 763 ea
651 706 690 762 sit
712 706 879 763 innocentia
905 707 1070 778 praeditus,
1099 711 1168 782 quin
1194 711 1225 767 in

263 803 403 874 arragois
427 800 642 858 calamitatibus
665 800 711 856 vel
732 801 943 858 tentationibus
972 804 1081 860 sentiat
1112 823 1143 862 se
1165 823 1225 862 rne-

291 899 348 953 rito
378 901 407 952 et
433 895 579 966 perditum
608 900 637 952 et
668 896 810 952 reiectum
841 913 858 952 a
886 896 956 966 deo,
991 898 1063 954 nihil
1089 900 1225 970 profecto

291 990 480 1064 perturbatae
518 990 607 1046 menti
642 990 785 1047 salubrius
820 995 850 1047 et
882 993 993 1062 gratius
1028 1010 1092 1050 esse
1125 1000 1226 1066 potest

292 1103 377 1158 quam
399 1102 456 1142 vox
479 1084 622 1156 evangelii
646 1085 681 1142 de
705 1085 833 1156 gratuita
849 1087 1020 1144 remissione
1036 1095 1225 1159 peccatorum

290 1185 412 1253 propter
435 1178 591 1249 Christum,
617 1196 701 1252 quam
724 1181 816 1236 solum
832 1181 1024 1239 ministerium
1039 1183 1121 1241 verbi
1137 1184 1225 1242 nobis

157 1301 166 1318 ι
249 1294 276 1336 10
292 1279 502 1332 commonstrat
524 1278 554 1330 et
575 1273 724 1345 patefacit.
749 1273 850 1347 Itaque
874 1293 961 1348 saepe
978 1278 1123 1349 scriptura
1138 1279 1225 1336 nobis

290 1368 443 1441 magnifice
471 1367 624 1440 praedicat
651 1369 823 1440 dignitatem
850 1370 1017 1440 ministerii,
1053 1374 1131 1444 quod
1157 1391 1224 1445 pro-

291 1463 383 1532 fecto,
420 1463 487 1535 quia
520 1480 620 1520 vocem
649 1463 707 1541 dei,
720 1463 758 1520 ad
780 1481 833 1520 nos
855 1463 980 1535 perfert,
1014 1468 1224 1538 amplissimum

293 1564 338 1615 est
371 1563 401 1614 et
422 1557 507 1615 bonis
535 1558 681 1614 montibus
708 1576 742 1615 eo
770 1559 842 1615 nihil
870 1559 1023 1617 iucundius
1052 1568 1103 1618 aut
1129 1564 1224 1634 magis

292 1653 419 1709 salutare
443 1653 610 1723 contingere
633 1657 740 1724 potest.
766 1652 848 1709 Sicut
871 1659 901 1710 et
915 1654 1021 1711 Esaias
1045 1656 1140 1726 docet,
1159 1675 1223 1714 eum

249 1765 276 1808 15
292 1748 346 1804 ait:
384 1746 484 1816 ‘Quam
512 1747 638 1818 speciosi
660 1747 750 1818 pedes
779 1747 1038 1818 evangelizantium
1065 1767 1168 1820 pacem
1195 1758 1227 1809 et

249 1851 324 1904 [aaa]
353 1842 612 1913 evangelizantium
627 1840 729 1898 bonal’
751 1841 898 1913 Intellegit
914 1843 989 1899 enim
1004 1844 1149 1914 propheta
1164 1841 1221 1925 lio-l

229 1945 232 1952 ’
291 1937 396 1994 minem
424 1934 573 1993 adflictum
600 1954 654 1994 nco
681 1937 710 1992 in
738 1937 852 1994 ratione
878 1953 931 1994 nec
954 1937 984 1994 in
1006 1938 1070 2010 lege
1093 1941 1225 2011 reperire

290 2031 380 2087 ullum
403 2030 550 2099 solacium,
587 2049 642 2103 quo
667 2049 697 2088 se
722 2031 816 2104 erigat
838 2048 873 2088 ao
896 2036 1049 2102 sustentet,
1086 2035 1137 2090 secl
1161 2039 1224 2092 tan-

291 2132 353 2180 tum
375 2125 405 2180 in
427 2124 516 2181 verbo
541 2125 576 2181 de
599 2127 744 2196 promissa
766 2126 968 2184 misericordia
990 2145 1044 2198 por
1064 2127 1222 2196 Christum,

247 2238 276 2280 ao
292 2219 369 2290 quod
392 2219 581 2275 adnuntiatur
602 2236 655 2289 per
677 2220 836 2287 ministros
860 2237 981 2290 quorum
1004 2239 1076 2278 voce
1100 2228 1130 2276 et
1152 2239 1223 2278 nun·

289 2315 330 2370 tio
364 2313 436 2368 nihil
462 2317 561 2383 potest
588 2329 652 2369 esse
681 2312 793 2368 dulcius
821 2314 1015 2370 consternatis
1043 2319 1123 2371 rnetu
1155 2333 1222 2372 con-

290 2408 420 2464 scientiis
447 2412 569 2478 propter
602 2412 789 2477 conspectum
816 2407 1007 2464 immunditiei
1036 2414 1066 2465 et
1098 2409 1223 2481 indigni·

292 2503 361 2560 tatis
384 2507 511 2559 nostrae.
537 2501 576 2558 Vt
598 2506 696 2558 autem
718 2501 796 2558 nulla
811 2499 922 2558 functio
942 2502 972 2558 in
989 2503 1075 2560 terris
1092 2506 1223 2561 sanctior

292 2603 321 2654 et
354 2597 552 2668 praestantior
585 2601 630 2653 est
662 2596 824 2652 ministerio
860 2596 949 2665 verbi,
984 2603 1017 2653 ut
1049 2615 1103 2668 per
1136 2617 1221 2670 quam

247 2711 276 2752 ae
292 2692 384 2748 solam
420 2691 493 2748 fiant
523 2692 654 2748 homines
692 2690 850 2762 participes
882 2690 1017 2748 beneficii
1049 2693 1157 2750 Christi
1192 2701 1222 2752 et

289 2791 503 2858 consequantur
528 2786 727 2842 remissionem
751 2789 938 2856 peccatorum
961 2791 1047 2858 atque
1071 2794 1220 2846 aeternam

292 2882 422 2952 salutem,
452 2881 495 2937 ita
526 2885 646 2937 econtra
672 2879 780 2936 nullum
804 2879 920 2951 gravius
944 2881 1037 2938 scelus
1061 2884 1221 2955 excogitari

290 2980 396 3046 potest,
433 2992 518 3047 quam
551 2975 579 3031 vi
607 2991 642 3031 ac
669 2973 772 3031 fraudo
801 2973 1022 3032 saluberrimum
1055 2995 1157 3034 munus
1191 2980 1221 3035 in

291 3070 478 3126 deterrimam
505 3074 617 3140 pestem
647 3074 676 3126 et
704 3069 862 3140 perniciem
890 3070 1050 3127 animarum
1079 3077 1108 3128 et
1130 3074 1222 3129 totius

246 3183 275 3224 ao
291 3165 430 3221 ecclesiae
455 3169 633 3232 convertere,
670 3163 911 3234 quemadmodum
938 3163 996 3220 iam
1018 3166 1115 3223 multis
1139 3168 1223 3224 aruris

289 3259 325 3316 ab
348 3259 444 3330 impiis
467 3257 654 3330 pontificibus
670 3257 809 3314 Romanis
833 3262 878 3314 cst
899 3256 1073 3316 factitatum.
1099 3261 1124 3316 li
1145 3264 1221 3319 enim

289 3354 426 3424 avaritia,
461 3352 619 3410 ambitione
647 3357 676 3408 et
704 3352 768 3408 aliis
797 3351 955 3409 sceleribus
983 3355 1097 3412 incitati
1126 3374 1222 3414 sacra·
1308 3371 1313 3382 ’

290 3449 433 3504 tissimum
455 3465 557 3504 munus
584 3446 734 3504 aChristo
758 3447 922 3502 institutum
946 3454 976 3504 ct
998 3451 1139 3521 apostolis
1163 3459 1223 3508 tra-

289 3544 381 3600 ditum
418 3544 460 3600 ita
493 3547 708 3615 perverterunt,
743 3546 774 3597 ut
808 3540 995 3612 pontificatus
1032 3563 1085 3616 pro
1123 3546 1222 3602 imma-

246 3639 409 3697 salsissima
442 3638 596 3710 tyrannide
628 3639 690 3694 iure
722 3635 824 3693 haberi
851 3638 954 3706 possit.
991 3639 1105 3708 Quaeso
1135 3641 1221 3710 enim,
