2824 4196
359 273 572 331 procubuere,
594 274 797 320 rsuuucnrvs
822 263 874 332 ΙΙΙ,
901 265 928 320 5.
1091 267 1130 325 95

231 448 270 504 Vt
293 448 331 506 ad
354 450 480 520 speciem
503 466 617 521 semper
640 467 671 506 cs
694 451 821 508 intentus
846 452 990 510 exteram!

232 542 364 612 antini,
390 560 474 616 quem
498 544 717 601 contemnebas!

561 663 732 721 lulianus.

722 758 762 816 Et
785 759 950 818 diademate

231 850 287 908 Est
310 858 430 908 ornatus
453 852 569 924 triplici.

578 973 718 1029 Nestor.

570 1067 646 1122 Iure.
671 1067 802 1139 Namque
825 1067 951 1138 Africae,

234 1160 323 1217 Asiae
347 1165 376 1217 et
399 1160 536 1231 Europae
560 1177 680 1232 regnum
703 1167 793 1218 tenet.
817 1163 934 1221 Accede
957 1165 1045 1222 nunc!

159 1272 220 1314 acan
235 1253 329 1311 Vellet
352 1254 405 1311 tibi
427 1254 549 1311 barbam
571 1255 699 1326 pulchre.

564 1375 733 1432 Iulianus.

674 1469 708 1526 In
731 1475 825 1527 artum
848 1473 985 1544 cogimur.

235 1563 292 1620 Sed
315 1563 487 1620 accedamus
510 1564 638 1635 propius,
663 1569 704 1632 ut,
729 1565 797 1636 quid
823 1567 982 1636 praedicet,

234 1659 447 1716 Auscultemus

522 1776 772 1836 Pammachius.

439 1871 545 1930 Libros
569 1873 710 1943 expande,
735 1873 887 1946 Porphyri‚

234 1965 273 2022 Vt
295 1966 374 2023 adsit
395 1967 490 2024 maior
512 1967 642 2024 dicendis
665 1968 840 2024 auctoritas!

236 2059 438 2132 Quaecumque
463 2061 538 2118 enim
562 2061 679 2130 dixeris
705 2079 740 2118 ex
764 2064 853 2119 sacris
878 2080 912 2120 ea
934 2063 1017 2122 libris

162 2173 221 2216 2040
237 2153 374 2213 Profecto
395 2155 540 2226 putabunt
562 2156 702 2213 homines

537 2275 766 2346 Porphyrius.

676 2371 715 2426 Vt
737 2370 856 2442 pulchre
880 2372 973 2443 sapis!

236 2463 346 2520 Audite
370 2479 468 2520 omncs
491 2464 591 2533 populi
615 2464 739 2536 datoque
763 2465 922 2522 silentium!

565 2583 735 2641 Iulianus.

235 2679 384 2748 Ausculta,
407 2677 530 2736 Nestor!

583 2789 723 2846 Nestor.

521 2883 632 2940 Ambas
655 2900 741 2940 aures
769 2883 882 2956 odrigo.

539 3003 768 3074 Porphyrius

238 3101 277 3158 Vt
300 3100 494 3172 cognoscatis,
518 3099 587 3171 quid
610 3097 666 3154 sibi
689 3099 762 3156 haec
784 3098 925 3170 mysteria

238 3196 343 3264 Velim,
368 3195 469 3251 iurene
492 3192 565 3250 fiant
588 3197 638 3250 aut
660 3192 774 3260 iniuria,

164 3310 222 3353 rora
237 3291 282 3348 No
306 3291 369 3362 quis
392 3288 469 3346 forte
490 3288 643 3359 imperitus
667 3303 763 3344 rerum
787 3286 872 3343 aliter
893 3291 977 3358 putet

236 3386 281 3442 De
305 3384 375 3442 sede
399 3383 560 3455 apostolica
583 3398 667 3454 quam
690 3381 844 3438 conveniat
867 3387 897 3438 et
919 3381 949 3437 in

237 3479 425 3537 Haereticam
447 3477 524 3535 forte
546 3477 722 3548 pravitatem
745 3481 864 3532 corruat

237 3576 333 3646 Atque
355 3579 441 3644 putre
464 3571 623 3629 membrum
646 3570 797 3627 scindatur
819 3570 855 3627 ab
880 3570 1011 3639 ecclesia,

238 3669 334 3739 Quare
358 3683 457 3724 omnes
481 3666 519 3724 ad
542 3682 585 3734 ca,
611 3681 684 3736 cquae
708 3663 810 3732 dicam,
836 3664 961 3721 animum
982 3664 1126 3722 advertite
