2824 4188
429 263 642 325 uuoouoaova
664 265 870 312 rsuuuomvs.
893 255 916 326 Ι,
941 257 969 312 4’.
1142 259 1180 316 35

610 441 782 499 Iulianae.

267 535 348 606 Quae
370 535 467 593 verbis
491 535 566 605 dico,
589 534 675 594 factis
698 552 812 608 quoque
833 537 1007 608 probavero.

266 631 358 690 Estne
381 630 498 702 aliquid,
523 647 579 702 quo
602 630 724 702 indiges
746 628 850 702 pater?
942 631 944 636 ’

583 741 813 814 Porphyrius,

630 841 632 846 '
879 836 978 894 Etiam
1001 837 1108 911 rogas?

267 931 415 989 Permulta
437 935 512 987 sunt.
537 928 595 987 Sed
611 930 666 988 bic
687 931 842 1002 perpaucis
864 931 1005 998 hactenus
1041 933 1043 937 '

208 1044 250 1087 ooo
266 1026 427 1083 Contentus
450 1040 515 1082 esse
538 1019 640 1094 didicit
661 1040 716 1082 nec
737 1023 937 1097 frequentibus

265 1119 364 1177 Voluit
385 1117 522 1191 precibus
544 1119 683 1176 molestus
707 1135 771 1176 esse
794 1118 921 1192 regibus

268 1214 394 1287 Sperans
417 1213 496 1287 ipsos
521 1211 715 1284 disposituros
739 1213 847 1284 optime

265 1309 365 1366 Etiam
387 1308 472 1378 ultro,
497 1306 636 1380 quidquid
658 1307 788 1380 postulat
807 1307 977 1366 necessitas.

609 1419 782 1477 Iulianus.

262 1516 343 1573 Data
364 1529 437 1586 paee
460 1517 490 1571 et
511 1513 721 1588 tranquillitate
744 1513 844 1570 liberis

206 1628 249 1671 ooo
263 1609 304 1667 Et
325 1608 462 1666 libertate
486 1607 630 1665 damnatis
653 1607 723 1688 quid
745 1608 868 1679 amplius

264 1703 356 1761 Vobis
377 1703 456 1760 victu
478 1701 602 1773 provisis
626 1706 712 1774 atque
735 1701 865 1768 vestibus
940 1740 941 1744 ,

263 1797 357 1868 Desit,
380 1796 438 1853 nisi
460 1796 603 1865 dixeritis
628 1812 683 1867 quo
706 1800 793 1868 pacto
816 1795 1003 1870 intellegam?

208 1902 276 1956 [ma]
295 1891 361 1962 Dic,
385 1881 567 1949 Pammacbi!

565 2001 821 2059 Pammachius.

533 2095 535 2100 '
604 2095 680 2166 Quid
703 2095 807 2166 dicam,
833 2094 950 2164 Caesar,
974 2098 1082 2156 neseio.

264 2193 331 2250 Non
354 2181 462 2264 quaero
485 2189 609 2263 grandia
631 2190 691 2247 vita
713 2190 872 2248 instructus
895 2208 1032 2263 paupere,

206 2306 249 2348 uo
263 2287 325 2344 Nec
348 2285 483 2355 occurrit,
508 2285 577 2357 quid
599 2285 724 2357 primum
747 2290 798 2342 aut
819 2285 951 2350 ultimum
973 2291 1079 2358 petam.

578 2397 809 2469 Porphyrius.

263 2493 303 2550 Vt
325 2492 395 2562 dixi,
419 2492 467 2549 bic
489 2492 576 2549 homo
600 2491 723 2563 simplex
746 2495 791 2548 est
814 2497 844 2549 et
866 2509 951 2564 quam
974 2493 1094 2551 dominii

263 2587 444 2645 Pecuniaeve
467 2587 631 2643 litterarum
654 2591 699 2643 est
722 2586 843 2643 avidior.
935 2647 938 2652 ,

263 2683 323 2740 Vos
346 2681 425 2753 ipsos
450 2685 528 2738 esset
551 2681 681 2752 cogitare
703 2673 818 2749 iustius,

263 2775 374 2846 Quibus
397 2777 427 2833 in
449 2774 536 2833 rebus
560 2775 704 2832 iuvandae
729 2774 788 2831 sint
811 2774 951 2833 ecclesiae

206 2890 248 2931 ars
263 2871 304 2928 Et
326 2887 399 2943 quae
423 2871 554 2942 praemia
576 2864 728 2938 reddenda
751 2869 810 2926 sint
833 2868 1010 2926 doctoribus.

607 2989 781 3046 Iulianus,

199 3100 202 3104 ·
264 3084 376 3142 Multae
399 3089 467 3142 sunt
490 3083 682 3156 cogitationes
708 3082 852 3153 Caesaris,

263 3179 326 3236 Nec
349 3179 427 3236 solus
449 3183 548 3236 tamen
571 3178 668 3236 omnia
690 3182 790 3249 potest
812 3182 842 3234 et
864 3178 977 3250 singula

263 3273 320 3330 Pro
344 3273 516 3331 condicione
541 3277 571 3330 et
594 3271 736 3344 dignitate
760 3271 860 3329 debita

261 3368 322 3424 Aut
345 3367 475 3440 cogitare
498 3372 549 3424 aut
571 3366 722 3424 commode
746 3382 934 3439 componere,

204 3479 246 3521 rao
261 3461 345 3519 Vnde
367 3462 507 3519 ministris
531 3478 604 3534 opus
627 3465 673 3518 est
695 3465 725 3518 et
747 3460 975 3532 suggestoribus.

262 3556 305 3612 Tu
329 3572 461 3628 suggere,
486 3555 641 3627 Porphyri,
659 3555 735 3627 ¹quid
759 3555 917 3612 concedam
940 3555 1071 3627 amplius.

262 3650 337 3708 Nam
360 3656 389 3708 te
405 3650 485 3708 haud
500 3667 569 3708 reor
584 3649 626 3707 ita
648 3650 832 3722 inexpertum
848 3665 912 3708 esse
929 3654 979 3707 aut
995 3649 1163 3722 simplicem,

942 3747 974 3799 3*
