2824 4196
366 273 579 332 proauorum,
601 268 823 318 rnuuncurvss
835 262 873 331 ΙΙ,
888 261 927 318 ’3.
1095 261 1139 318 55-

582 449 718 506 Planus.
808 467 811 472 ·

230 545 298 602 Non
320 561 450 602 maceres
473 549 511 611 te,
535 545 634 601 muudi
657 545 793 616 princeps
816 543 938 615 optime!

230 639 405 696 Nostrarum
427 639 506 696 haud
529 643 594 696 erat
615 639 695 695 illum
717 643 818 695 tenere
841 638 953 694 virium.

565 758 732 818 Satanas

230 853 306 923 Quid
329 851 437 912 audio?
461 854 518 912 vbi
540 855 631 927 igitur
653 860 731 912 artes
754 859 869 912 vestrae
892 849 1055 926 pristinae?

158 966 216 1008 1160
231 949 278 1004 Au
301 964 336 1005 ea
359 948 510 1006 dediscitis
534 950 605 1018 sola,
629 949 659 1006 in
682 948 785 1021 quibus
809 953 853 1006 est
874 947 987 1005 lucrum
1010 952 1039 1004 et

232 1042 266 1098 In
289 1042 392 1114 quibus
416 1043 513 1101 omnia
535 1045 617 1116 regni
641 1044 804 1100 consistunt
827 1040 1000 1101 commoda?

231 1137 299 1194 Non
319 1141 387 1208 post
409 1142 456 1195 tot
477 1154 569 1195 annos
593 1139 709 1196 exeunti
733 1153 880 1194 carcerem

156 1242 225 1294 [aaa]
247 1231 407 1289 Iucundum
430 1233 506 1289 istuc
527 1233 651 1304 primum
674 1232 835 1304 expedistis
857 1231 999 1288 nuntium.

231 1326 265 1382 In
287 1326 364 1383 mille
388 1327 470 1383 annis
493 1326 565 1383 nihil
586 1326 695 1384 lactum
718 1331 764 1384 est
785 1327 940 1398 indignius.

160 1439 216 1486 1165
231 1421 339 1478 Audivi
361 1420 452 1478 multa
474 1421 553 1478 haud
576 1422 732 1478 admodum
755 1439 791 1479 ex
814 1421 973 1478 sententia:

231 1515 304 1572 Tuli.
330 1514 389 1573 Sed
410 1516 527 1588 gravius
551 1521 596 1573 est
618 1516 673 1573 hoc
696 1533 782 1588 quam
804 1521 837 1572 ut
858 1514 929 1573 ferri
953 1521 1048 1588 queat.

232 1609 256 1667 Ο
280 1611 415 1667 interitus
438 1610 521 1682 regni
543 1627 696 1682 rerumque
719 1610 855 1667 vastitas!

233 1705 285 1762 Vir
307 1705 355 1762 ille
379 1703 569 1774 Christianos,
596 1705 697 1763 hostes
720 1706 845 1762 maxime

231 1797 359 1856 Infestos
382 1799 476 1869 nobie,
502 1799 669 1858 debellabat
691 1799 817 1868 sortiter,

160 1911 217 1954 nvo
232 1893 293 1956 Nos
317 1893 520 1963 venerabatur,
544 1911 597 1952 nos
621 1893 735 1952 colebat
758 1893 872 1962 hostiis,

233 1988 374 2045 Adversis
397 1987 553 2046 invocabat
576 2006 630 2046 nos
654 1993 684 2045 et
706 1989 865 2060 prosperis.

232 2083 312 2152 Quae
335 2082 505 2140 nolebamus
528 2099 581 2155 per
603 2099 656 2140 nos
680 2082 808 2154 exsequi,
832 2081 956 2154 impiger

231 2176 376 2235 Currebat
397 2177 483 2247 ultro,
508 2178 552 2234 vel
576 2177 638 2234 solo
661 2177 717 2234 hoc
739 2176 894 2234 laudabilis

232 2271 334 2342 Facto,
359 2272 436 2343 quod
460 2273 681 2344 antesignanum
705 2270 823 2340 Christi,
847 2271 940 2328 virum

159 2385 216 2428 ura
233 2367 353 2424 Fortem
375 2366 505 2436 Paulum,
529 2367 608 2424 haud
632 2367 874 2425 contemnendum
897 2366 1106 2434 adversarium,

232 2461 288 2531 Qui
310 2461 415 2518 multas
440 2461 636 2533 depraedatus
661 2466 707 2518 est
728 2462 894 2541 provincias

233 2554 403 2627 Complures
426 2555 489 2628 regi
511 2555 660 2612 adducens
683 2556 789 2612 milites
814 2572 876 2624 sue,

232 2649 404 2707 Prostravit.
429 2650 513 2707 Nunc
537 2650 651 2722 etipse
675 2650 858 2722 neglegentia

232 2743 375 2801 Seductus
399 2749 444 2802 est
466 2749 573 2801 vestra.

578 2863 719 2921 Planus

613 2957 736 3015 Seduxit
758 2958 912 3030 episcopus

158 3053 219 3114 nso
230 3046 451 3132 Ἀκαταβλὴτῳ
475 3046 568 3132 λόγῳ.

567 3163 729 3222 Satanas.

604 3258 811 3316 Resistendum
833 3258 888 3316 fuit

230 3353 284 3410 Vel
306 3353 384 3411 milla
407 3353 530 3410 technis.

580 3464 720 3521 Planus.

563 3558 716 3630 Equidem,
741 3559 875 3630 princeps
900 3561 1017 3632 optime,

231 3653 377 3723 Quantum
400 3653 430 3710 in
452 3652 536 3710 nobis
559 3651 624 3721 fuit,
648 3653 688 3708 nil
712 3654 850 3710 omissum
873 3655 943 3711 scio.
