2824 4188
406 248 621 306 nnooaonovs
643 249 848 296 ennnnomvs.
873 239 896 309 Ι,
921 243 949 298 4.
1123 244 1161 299 33

470 544 593 602 Acrvs
617 545 639 601 Ι.
686 543 814 602 SCENA
838 545 887 602 lv.

305 683 531 756 Porphyrius.
578 681 829 740 Pammachius.
876 683 1044 750 Iulianus.

185 835 253 888 [cea]
565 819 792 891 Porphyrius.

184 938 230 980 666
245 917 304 975 Sed
327 916 395 988 quid
418 912 482 973 ais?
505 914 581 971 Num
603 914 699 985 ipsum
721 915 876 972 convenire
898 932 1051 987 possumus
1132 895 1141 923 χ

245 1007 404 1070 Seianam?
428 1010 489 1066 Aut
511 1008 549 1067 ad
571 1008 648 1066 illius
672 1009 797 1066 eundum
820 1014 865 1066 est
887 1009 1045 1068 vicarium?

549 1120 801 1180 Pammachius.

246 1219 294 1275 Ad
316 1218 396 1274 illum
418 1216 521 1288 ipsum.
547 1214 658 1287 Quippe
683 1215 808 1274 solutum
831 1214 967 1286 arbitror,
992 1221 1024 1275 ut
1046 1217 1117 1274 mihi

245 1311 420 1384 Exploranti
442 1327 534 1368 armos
557 1309 706 1368 tradidere
729 1310 840 1368 calculi.

246 1407 306 1464 Sed
329 1407 359 1462 in
381 1407 445 1478 ipso
468 1403 631 1476 apparebit,
656 1421 695 1462 an
714 1405 758 1462 ita
781 1405 827 1474 sit,
852 1405 983 1478 collegio.

591 1516 759 1574 Iulianus.

185 1633 230 1674 ceu
245 1612 395 1684 Templum
418 1610 594 1678 obseratum,
619 1611 778 1683 miramque
802 1616 847 1668 est
869 1612 1024 1670 silentium.

246 1708 359 1763 Forsan
382 1706 460 1762 domi
484 1710 529 1762 est
552 1710 581 1762 et
604 1705 695 1762 instat
717 1705 900 1763 lectionibus.

562 1816 792 1889 Porphyrius

245 1914 320 1969 Hem
344 1911 453 1969 Caesar
476 1910 599 1968 obviam.
624 1911 665 1968 Te
689 1911 810 1984 quaerit,
836 1911 1012 1970 Pammachi.

547 2021 801 2079 Pammachius,

244 2118 374 2186 Videtur,
400 2118 442 2174 sic
464 2116 521 2173 huc
543 2121 625 2174 recta
647 2133 780 2188 gressum
804 2115 912 2190 dirigit.

561 2227 791 2300 Porphyrius

244 2324 274 2381 Si
297 2325 402 2395 placet,
426 2323 502 2379 illius
526 2321 641 2395 oblique
665 2327 810 2380 tentemus
834 2323 971 2391 animum,

183 2438 228 2478 cro
244 2420 290 2475 An
313 2434 386 2490 quae
409 2417 565 2474 decrevisti
588 2417 730 2476 concedat
753 2419 858 2475 omnia.

244 2513 273 2569 Si
297 2511 424 2569 difficilis
447 2510 543 2581 fuerit,
569 2528 633 2569 eam
656 2529 724 2568 mox
745 2513 860 2583 pergito

244 2607 336 2676 Quam
363 2607 522 2663 monstravi
551 2607 635 2664 viam.
669 2606 742 2662 Tum
764 2606 840 2663 ultro
865 2605 961 2664 aderit
988 2605 1162 2678 supplicans.

547 2716 802 2778 Pammachius.

244 2812 356 2869 Suades
380 2810 480 2884 probe.
505 2811 574 2868 Tuis
597 2828 673 2870 nunc
696 2816 778 2868 utere
802 2810 929 2870 artibus!

589 2923 758 2983 Iulianus.

244 3017 354 3073 Eccum
377 3033 395 3074 a
417 3017 503 3074 domo
527 3017 606 3074 venit
629 3035 694 3076 cum
717 3016 890 3089 Porphyrio.
914 3017 994 3076 Bene
1018 3023 1071 3075 est.

547 3129 802 3187 Pammachius

184 3241 228 3282 666
244 3223 338 3292 Salve,
363 3223 536 3295 imperator!
561 3224 647 3281 Mene
671 3222 807 3296 quaeris?

588 3335 759 3392 Iulianus.

834 3431 884 3500 Te,
908 3435 1002 3501 pater.

545 3540 802 3599 Pammachius.

243 3634 320 3703 Quid
343 3639 389 3692 est
411 3631 499 3692 novi?

227 3740 267 3771 hat.
281 3738 485 3773 litteraturdonkm.a
