2824 4196
294 256 353 312 140
492 266 707 326 uncanoacvs
728 269 934 314 raunacmvs.
959 258 1008 327 IV,
1034 259 1061 314 3.

701 443 856 500 Veritas,

360 537 435 606 Heu,
459 553 527 593 num
549 553 593 593 me
618 537 706 593 etiam
729 538 771 594 vis
795 555 944 596 macerare
966 537 1097 612 frigore?

686 646 863 704 Christus.

363 741 493 811 confide,
519 741 644 798 calesces
667 743 731 812 plus
754 743 834 798 satis
859 742 943 799 Albis
966 743 1017 799 nbi
1038 741 1123 801 fluit?

702 851 854 910 Veritas,

364 947 467 1004 Video.
492 947 555 1003 Illic
578 963 614 1004 ex
635 946 777 1004 Bohemia
800 964 904 1018 magno
928 948 1010 1004 alveo

292 1059 349 1102 3140
365 1041 422 1098 Per
444 1041 558 1113 Mysiae
582 1029 699 1112 campos
723 1045 752 1098 et
774 1057 827 1112 per
848 1040 940 1099 fortes
965 1041 1094 1099 Saxones

365 1137 400 1192 In
423 1135 570 1192 Oceanum
593 1135 756 1192 devolvitur
779 1135 991 1192 Germanicum.

694 1246 867 1304 Christus,

365 1342 465 1399 Recte.
491 1341 566 1398 Hinc
590 1341 669 1398 eunti
692 1347 772 1398 trans
796 1341 893 1397 Albim
917 1347 962 1398 cst
984 1341 1040 1398 sita
1064 1342 1165 1400 civitas

364 1435 416 1492 Bis
439 1435 619 1506 longitudino
643 1436 759 1492 vincens
782 1435 974 1492 latitudinem.
1168 1441 1175 1448 '

365 1531 427 1586 Arx
451 1534 495 1586 est
516 1529 547 1585 in
568 1534 661 1600 parta,
686 1547 758 1600 quae
783 1529 963 1586 occidentem
985 1530 1114 1600 respicit,

295 1642 352 1684 3145
368 1623 460 1693 Quam
483 1623 630 1681 Saxonum
653 1623 712 1681 dux
736 1623 874 1693 condidit,
900 1625 948 1696 qui
969 1624 1078 1695 primus
1103 1630 1147 1680 est

369 1717 531 1775 Conversus
555 1717 594 1774 ad
615 1715 712 1774 fidem.

706 1820 857 1877 Veritas

707 1913 782 1983 Quid
804 1911 928 1985 postea?
951 1913 986 1970 In
1008 1914 1142 1986 angulum

369 2010 453 2066 Illum
476 2025 522 2066 me
546 2008 697 2065 devertere
720 2005 823 2065 iubes?

698 2109 870 2167 Christus

811 2203 936 2261 Scilicet.
961 2203 1032 2261 Abi!

299 2317 365 2372 [Lab]
708 2301 860 2362 Veritas.

369 2399 417 2456 Ad
441 2395 545 2470 quem?

698 2499 870 2558 Christus

546 2594 594 2651 Ad
617 2595 818 2666 Theophilum.
843 2595 927 2651 Illum
951 2599 1016 2652 tuas
1040 2595 1112 2653 doce
1135 2595 1207 2665 vias,

370 2690 408 2746 Vt
430 2694 554 2761 papatus
579 2695 682 2747 cuncta
704 2688 865 2761 patefaciat
887 2690 994 2758 ulcera,

298 2801 355 2845 3150
370 2783 409 2840 Vt
432 2785 629 2840 somnolentos
654 2783 815 2840 Germanos
840 2784 948 2840 excitet
971 2789 1000 2840 et
1022 2788 1055 2840 ut

371 2878 397 2935 E
422 2878 528 2948 templo
552 2895 652 2933 rursus
675 2878 765 2948 pellat
787 2878 1003 2947 nummularios

370 2972 426 3042 Qui
449 2972 601 3028 ecclesiam
623 2973 769 3028 latronum
792 2972 959 3042 speluncam
980 2976 1093 3043 putant,

370 3066 426 3136 Qui
449 3067 567 3138 capiunt
590 3071 619 3122 et
642 3083 712 3136 opes
736 3066 903 3137 animasque
927 3066 1123 3138 indulgentiis

289 3185 291 3188 ·
373 3160 428 3230 Qui
450 3164 483 3216 ut
505 3158 600 3232 fungis
624 3161 734 3216 cunctis
757 3159 891 3216 inludunt
913 3160 1098 3217 mortalibus!

299 3271 356 3314 3155
371 3254 412 3310 Te
435 3253 612 3325 Theophilus
636 3253 782 3324 suscipiet,
807 3254 877 3322 scio,
902 3255 1006 3326 cupide
1029 3259 1059 3312 et
1080 3254 1176 3312 locum

374 3347 495 3406 Parabit
518 3349 688 3420 ampliorem
710 3348 741 3404 in
763 3348 849 3404 terris
874 3348 1015 3405 omnibus

710 3450 863 3506 Veritas.

372 3543 464 3615 Euge,
490 3543 614 3613 domine,
640 3544 681 3599 sic
705 3544 821 3600 consule
845 3544 960 3601 miseris
982 3542 1168 3601 mortalibus!

375 3639 468 3694 Vnum
491 3642 590 3696 tamen
612 3637 707 3694 adhuc
730 3639 851 3709 supplex
873 3637 925 3695 abs
948 3643 977 3695 te
1000 3643 1078 3710 peto.
