2824 4196
256 251 316 306 150
452 251 968 330 nloeuoaevs,1³lnnaonrvszIV,
995 253 1022 308 ἵ).

323 437 421 494 Vitam
443 453 525 494 suam
547 453 655 510 suaque
679 437 806 508 deponat
829 439 933 494 omnia.

252 548 309 590 3345
327 530 415 587 Cuius
439 531 527 587 animi
549 548 607 588 non
630 549 699 588 sane
721 533 880 602 permultos
903 531 966 588 fore

326 625 410 682 Puto.
435 625 584 682 Ridebunt
606 626 668 682 riso
693 631 813 698 argento
839 626 965 696 plurimi,

326 718 461 788 Credent,
487 736 559 790 quae
583 721 702 791 quisque
725 721 803 776 volet
826 726 946 777 exactor
968 725 1019 796 aut
1042 720 1137 788 dator,

325 813 426 884 Neque
448 813 547 870 bolum
571 830 606 869 ex
628 813 760 870 faucibus
788 814 844 870 sibi
867 815 962 870 sinent
985 814 1067 884 eripi.

661 923 823 995 Satanas

326 1017 534 1075 Percommode
559 1018 673 1074 dixistis
697 1035 795 1075 omnes
820 1019 928 1090 omnia3
954 1023 983 1075 et

253 1130 310 1171 3350
325 1112 449 1168 Diversa
471 1113 549 1180 licet,
574 1113 723 1170 tamenin
746 1130 833 1168 unum
856 1113 979 1169 tondunt
1002 1129 1130 1184 scopum,

325 1205 443 1263 Scilicet
465 1212 498 1262 ut
521 1208 669 1278 surgentia
692 1212 859 1274 sternantur
886 1207 1022 1278 dogmata

324 1301 365 1356 Et
386 1305 509 1372 papatus
534 1302 592 1358 suis
616 1299 720 1357 floreat
743 1301 901 1358 honoribus

325 1395 387 1451 Nec
410 1394 519 1451 Christi
543 1401 602 1452 tam
625 1395 683 1452 alte
705 1395 893 1466 praedicetur
918 1395 1019 1466 gloria.

325 1489 451 1546 Proinde
474 1490 532 1546 iam
554 1507 630 1548 nunc
653 1490 785 1547 consulta
808 1489 1028 1562 aggrediamini!

253 1593 320 1646 [nra]
342 1582 502 1655 Vnicuique
526 1585 754 1641 sua'commissa
778 1584 816 1640 sit
839 1584 996 1640 sententia:

326 1678 370 1733 Tu
393 1683 505 1735 armato
530 1679 692 1749 episcopos,
717 1695 801 1749 reges
826 1683 855 1735 et
878 1677 1048 1734 Caesarem!

326 1772 369 1827 'su
393 1772 487 1828 doctis
511 1776 541 1828 et
562 1773 688 1829 indoctis
712 1773 780 1828 dato
804 1773 961 1843 negotium,

325 1866 363 1921 Vt
386 1866 526 1922 doctrinis
550 1865 630 1923 hisce
654 1867 844 1923 adversentur
867 1865 981 1930 sedulo!

327 1961 370 2016 Tu
393 1959 538 2017 subserito
562 1961 699 2017 haereses
723 1965 752 2017 et
773 1977 863 2031 prava
887 1959 1038 2031 dogmata!

253 2072 310 2113 caco
325 2055 369 2110 Tu
391 2054 467 2111 bella
491 2060 520 2112 et
542 2055 700 2112 seditiones
724 2059 827 2126 parato
851 2053 1011 2110 rusticasl‘

324 2149 367 2204 Tu
390 2147 481 2205 fortes
506 2154 643 2206 enervato
667 2151 778 2206 animos
801 2147 945 2220 pecuniis!

325 2243 370 2298 lta
392 2241 489 2311 facite,
514 2248 547 2298 ut
569 2243 678 2300 Satana
701 2243 780 2314 digni
802 2241 972 2300 videamini!

325 2337 383 2392 Res
406 2353 464 2392 non
486 2338 597 2407 patitur
618 2338 714 2394 lentae
736 2354 837 2393 manus
861 2336 1021 2394 conamina.

327 2431 423 2502 Agite,
449 2432 568 2502 surgite,
591 2430 702 2488 furioso
726 2437 830 2488 cuncta
853 2431 956 2502 spiritu

255 2543 312 2584 caes
328 2523 493 2582 Subvertite
517 2523 570 2581 καὶ
593 2519 684 2604 ὀργῆς
705 2520 873 2604 μνήσασθε
895 2517 1059 2602 conturbor!

328 2619 419 2687 Oculi,
446 2619 556 2689 dentes,
580 2620 687 2692 lingua,
711 2637 812 2677 manus
836 2635 943 2690 oraque
967 2617 1072 2688 gladiis

327 2714 423 2784 Atque
446 2715 563 2770 venenis
587 2719 700 2770 arrhata
723 2719 807 2771 sunto
833 2712 985 2770 Colchicis

329 2807 393 2864 Non
416 2809 507 2878 magis
522 2808 614 2864 ‘huius
639 2808 788 2865 doctrinae
812 2809 1005 2865 sectatoribus

328 2902 453 2958 Parcere
475 2903 541 2959 volo
566 2920 650 2973 quam
673 2902 783 2959 rabidis
808 2903 926 2960 canibus
950 2909 1001 2960 aut
1022 2905 1105 2974 lupis.

256 3015 311 3054 aare
329 2996 384 3065 Qui
406 2997 515 3068 primus
539 2997 665 3053 hostium
688 2997 758 3060 mihi
781 3015 857 3053 nunc
880 2999 1049 3066 occurrerit,

327 3091 406 3147 lllius
431 3091 468 3147 ad
490 3108 629 3148 nauseam
652 3108 697 3148 me
721 3091 842 3162 explebo
867 3093 1015 3163 sanguine.
