2824 4196
275 235 318 292 50
452 239 665 298 uenenorum,
689 238 895 285 PAnMscfflVS.
921 226 958 296 ΙΙ,
988 227 1018 296 13
1044 225 1074 282 2.

685 415 839 473 Veritas

277 527 333 571 1050
348 506 440 566 Tace!

660 612 865 671 Parrhesie.

434 711 601 784 Ingredere,
625 707 699 766 farei
721 707 859 764 mundum
882 704 1056 763 mendaciis!

683 819 845 876 Satanas

348 921 383 978 Id
404 919 464 989 fiet,
489 916 603 976 etiamsi
626 919 658 971 tu
680 913 797 970 minime
820 911 949 969 iusseris.
1032 939 1035 948 λ

663 1024 868 1082 Parrhesia.

347 1127 407 1185 Diu
427 1124 622 1183 desideratus
636 1138 667 1178 es
691 1136 708 1176 a
730 1117 862 1191 perditis,

687 1229 841 1286 Veritas.

352 1324 438 1392 Tace,
463 1317 600 1379 obsecro!

685 1426 845 1485 Satanas,

622 1522 698 1580 Scio.
723 1521 805 1578 Vlnis
829 1519 959 1590 excipiar
982 1517 1084 1576 obviis.

663 1629 867 1689 Parrhesia.

353 1734 412 1792 Cur
433 1749 492 1790 non
514 1736 544 1788 te
568 1728 744 1786 comitantur
764 1724 964 1797 procedunive
989 1719 1127 1780 obviam?

685 1837 844 1895 Satanas.

278 1961 334 2003 1055
350 1941 424 1998 Sunt
446 1936 580 2009 occupati
603 1949 705 2006 meque
728 1932 826 1997 venire
849 1930 991 1988 nesciunt.
1048 1935 1050 1938 ’

278 2066 346 2119 [neb]
688 2044 843 2101 Veritas

350 2147 427 2218 Quid
449 2144 540 2202 mults
561 2137 710 2214 loqueris?
735 2138 861 2210 Sequere
884 2135 954 2193 hue!

667 2249 867 2307 Parrhesia.
1058 2317 1059 2320 Ἴ

892 2332 1057 2405 Aliquando
1081 2332 1166 2388 simul

350 2439 464 2497 Poenas
488 2435 605 2493 dabitis.

681 2540 844 2622 Satanas.

608 2638 643 2695 id
664 2636 835 2709 perlongum
859 2637 911 2690 est.
935 2631 996 2689 Nos
1020 2631 1138 2688 interim

351 2740 408 2797 Pro
431 2736 525 2794 libero
547 2738 649 2792 nostro
672 2731 801 2788 vivemus
825 2727 957 2786 arbitrio.

350 2831 454 2891 nester
477 2830 527 2886 nn
548 2811 697 2901 prodestis
719 2825 777 2893 me,
801 2839 855 2880 nee
877 2820 955 2878 filiae

281 2949 336 2990 1060
351 2927 482 2986 Alterius
506 2923 584 2996 apud
606 2939 652 2979 me
675 2935 801 2992 unquam
823 2915 955 2974 ferentur
979 2915 1097 2972 saeculi.

559 3106 683 3202 servs
706 3141 745 3200 n.
791 3137 919 3196 sunus
942 3137 980 3193 11.

590 3298 731 3355 Dromo.
778 3291 941 3349 Satanas,

697 3432 838 3490 Dromo.

350 3542 475 3600 Vicariis
498 3555 603 3612 magna
624 3535 723 3593 hercle
747 3537 814 3590 sunt
835 3530 955 3601 negotia

351 3639 456 3707 Hodie,
481 3641 514 3692 ut
536 3651 594 3692 non
616 3631 731 3703 possint
754 3625 910 3699 convenire.
930 3623 1103 3695 principem.
