2824 4196
284 276 342 332 114
479 280 693 337 uuocuoacm,
715 277 920 322 Puuunomvs.
948 265 1001 334 HI,
1028 266 1055 324 5.

352 461 469 532 Recipit
491 461 671 530 peccatores,
696 455 797 526 quise
821 453 1026 521 converterint,

351 550 487 626 Dicitque
511 553 546 609 de
571 550 718 608 conversis
742 547 869 619 gaudere
893 547 1020 619 angelos.

352 647 594 720 Quandoquidem
616 646 706 716 igitur
727 647 759 699 tu
782 643 858 698 illius
882 643 944 712 agis
967 642 1117 710 vicarium,

352 745 396 802 Ne
420 745 460 800 sis
482 744 512 798 in
536 740 633 798 danda
654 739 740 795 venia
762 735 960 794 inexorabilis.

281 858 339 900 2570
354 839 453 896 Talem
476 842 505 894 te
530 833 640 892 cunctis
665 831 801 890 exhibeto
825 831 959 899 iudicem,

354 933 474 1003 Qualem
496 936 525 987 tc
548 932 689 1001 peccante
713 925 799 982 deum
821 923 884 982 fore
909 924 1073 981 desideres!

356 1028 386 1085 Si
410 1027 561 1099 quicquam
584 1023 724 1078 hactenus
747 1020 893 1090 ignoravit
917 1018 1035 1087 Caesar,
1060 1035 1112 1074 suo

356 1123 418 1179 lam
440 1118 589 1192 praesenti
613 1116 684 1172 satis
709 1114 812 1171 didicit
833 1113 973 1185 periculo.

357 1216 462 1272 Melius
487 1213 624 1282 deinceps
649 1210 744 1280 sapiet
765 1225 876 1266 morem
898 1208 929 1264 iu
952 1206 1084 1264 omnibus

282 1324 343 1380 [Iao]
376 1309 510 1369 Gerendo
535 1306 689 1378 episcopis,
714 1304 846 1360 Romano
869 1302 1002 1358 maxime.

355 1407 417 1464 Nec
440 1409 549 1460 temere
572 1416 697 1472 unquam
720 1397 842 1469 posthac
866 1395 1049 1453 Camerinam
1071 1395 1206 1452 moverit.

358 1501 434 1570 Quin
456 1499 514 1555 iam
536 1499 656 1568 paratus
681 1497 725 1549 est
747 1491 853 1560 facero,
879 1507 952 1562 quae
975 1491 1105 1557 iusseris,

359 1595 471 1662 Omnia,
496 1591 574 1664 quod
597 1607 634 1646 an
657 1587 730 1644 alius
754 1586 857 1656 aliquis
881 1584 935 1641 tibi
958 1583 1062 1640 fecerit

357 1689 494 1747 Nondum
518 1688 640 1742 constat.
666 1681 769 1738 Potest
793 1680 869 1736 enim
892 1679 1005 1735 institui
1028 1695 1128 1746 novus,

287 1805 344 1847 noco
360 1785 415 1854 oui
437 1799 490 1854 pro
514 1776 663 1836 beneficiis
688 1781 716 1831 te
741 1772 863 1844 adfligat
885 1773 1019 1829 niaximc.

648 1901 902 1960 Pammachius.

360 2017 433 2084 Huc,
458 2008 617 2082 Porphyrii
641 2005 790 2064 Facienda
812 2009 896 2075 puto,
922 2019 994 2075 quae
1017 2002 1163 2073 postulat,¹

358 2111 468 2167 Tamen
490 2105 542 2162 sub
566 2104 631 2171 11113,
657 2117 727 2172 quas
751 2099 816 2168 scis,
843 2096 1071 2154 condicionibus.

359 2205 420 2262 Eas
443 2201 484 2258 illi
507 2213 638 2270 propone
662 2194 798 2266 singulas,
824 2192 892 2249 dein

360 2299 492 2356 Adactus
515 2290 702 2350 iureiurando
726 2305 757 2344 se
780 2286 923 2358 perpetim

290 2414 347 2457 noas
363 2393 447 2450 Meas
472 2388 693 2446 observaturum
715 2383 794 2454 leges
818 2379 976 2452 spondeat!

661 2510 893 2582 Porphyrius

361 2624 448 2692 Audi,
474 2617 597 2678 Caesari
621 2615 826 2673 Sanctissimus
850 2613 879 2668 in
904 2610 1020 2668 Christo
1044 2614 1129 2681 pater

362 2721 409 2778 Ex
431 2717 529 2774 multis
553 2712 648 2770 causis
673 2709 817 2781 supplicos
841 2711 906 2762 tuas
930 2721 1032 2776 preces

360 2816 506 2886 Dignatur
529 2807 677 2873 exaudire,
704 2803 834 2875 quamvis
858 2799 927 2872 quid
950 2798 1029 2856 aliud

363 2910 425 2966 Tua
449 2904 563 2963 effrenis
586 2900 742 2958 meruisset
764 2895 955 2953 contumacia.

289 3025 347 3068 aueo
363 3005 468 3061 Posset
490 2999 566 3056 euim
589 3013 625 3052 ex
649 2992 794 3064 lapidibus
818 2990 863 3046 his
887 3004 987 3045 creare
1012 2985 1154 3063 Caesares

362 3098 403 3155 Et
425 3095 461 3153 ab
486 3093 598 3150 oriente
621 3089 651 3144 in
675 3086 866 3152 occidentem,
891 3099 908 3139 a
930 3081 1052 3138 meridie

363 3193 397 3249 In
420 3190 584 3262 aquilonem
606 3182 721 3254 imperii
743 3180 838 3236 locum
861 3181 1040 3248 pervertere.

363 3287 407 3343 Tu
429 3290 527 3340 tamen
548 3284 581 3336 ut
605 3277 723 3343 sentias,
748 3290 833 3346 quam
858 3272 961 3343 dignus
985 3270 1023 3326 sit
1046 3267 1093 3326 dei

363 3379 497 3438 Vicarius
520 3372 659 3431 interris
683 3375 713 3426 et
735 3366 938 3424 misericordia
1145 3346 1150 3354 ’

291 3495 349 3539 asos
364 3476 458 3534 Deum
482 3469 652 3534 aemuletur,
677 3464 729 3521 dat
750 3462 864 3518 ueniam
887 3459 992 3516 erratis
1015 3457 1073 3513 tuis

364 3572 552 3638 Revocatque
576 3579 611 3620 cx
634 3557 746 3626 inferis¹
771 3557 797 3612 si
820 3553 1049 3620 condicionibus

366 3667 444 3736 Quas
468 3660 579 3728 audies,
604 3655 642 3714 ad
664 3651 825 3726 parendum
849 3651 974 3707 animum
997 3644 1156 3704 induxeris,
