2824 4188
410 291 625 353 NAOGEORGVS,
647 294 853 370 7757705775.
878 283 902 352 Ι,
925 285 956 340 4.
1127 284 1167 340 37

252 469 381 528 Plurima
401 469 523 541 magnis,
546 475 579 527 ut
601 470 667 538 5075,
686 471 791 531 ‚insunt
811 471 888 528 mala
911 469 1024 543 opibus,
1051 475 1081 528 et

196 583 238 624 775
253 565 313 621 77775
336 581 403 622 7570
425 563 500 621 775775
523 565 565 621 777
587 569 695 621 77077777
716 582 869 637 pauperes

254 662 301 716 An
324 658 444 716 dimissa
466 659 601 717 doctrina
623 665 653 717 et
675 659 825 718 codicibus
849 660 940 717 sacris
1043 677 1046 683 ·

253 752 377 823 Litibus,
401 753 492 825 equis,
515 753 632 811 iudiciis
655 758 741 826 etque
763 753 854 811 fastui

256 847 382 919 Operam
404 845 533 905 dabitis?
556 847 624 906 Non
646 853 713 906 sunt
735 848 808 906 haec
829 847 925 918 vobis,
947 847 1068 918 credite,

255 942 353 1012 Vtilia,
377 959 431 1000 7750
453 947 567 1014 patrem
589 942 660 1000 talia
682 948 753 1014 puto
776 959 925 1015 quaerere.

557 1053 811 1112 Pammachius.

199 1167 241 1208 750
258 1147 317 1205 Our
338 1165 396 1207 uon
419 1147 575 1222 quaeram?
598 1149 691 1208 Nemo
715 1149 831 1207 divitias
853 1149 958 1206 iustius

257 1244 318 1310 Aut
340 1244 454 1315 quaerit
476 1249 527 1300 aut
548 1243 681 1315 possidet
703 1249 790 1316 atque
813 1243 856 1313 hi,
886 1243 934 1315 qui
961 1242 1034 1300 ahos
1058 1242 1171 1299 docent.

603 1355 776 1412 lulianus,

258 1449 373 1506 Novum
396 1449 502 1522 dogma
523 1454 568 1506 tot
590 1466 681 1521 usque
703 1451 868 1522 ignoratum
891 1448 1024 1506 saeculis.

577 1561 806 1634 Porphyrius.

260 1655 340 1724 Quae
364 1655 439 1725 dico,
464 1656 488 1712 si
511 1673 557 1712 me
580 1656 672 1724 audis,
698 1656 769 1713 dare
791 1672 850 1713 non
872 1654 1040 1728 gravabere.

604 1759 773 1816 Iulianus

258 1852 445 1923 Deliberabo,
470 1853 624 1926 Porphyri‚
648 1855 679 1910 in
701 1870 733 1911 re
755 1859 816 1910 tam
839 1851 931 1910 ardua

202 1947 322 2007 coellec
345 1949 413 2020 quid
437 1949 499 2006 siue
522 1966 651 2006 meorum
676 1965 819 2006 consensu
840 1947 1004 2018 principum

202 2052 270 2105 lma]
291 2042 382 2100 Vobis
405 2043 523 2112 dedero,
549 2043 626 2115 quod
649 2041 839 2100 auferendum
862 2041 901 2098 sit
923 2040 996 2098 aliis.

577 2145 807 2218 Porphyrius

263 2240 303 2297 Et
326 2257 425 2298 omnes
450 2259 513 2299 cum
537 2242 579 2298 sic
602 2241 660 2297 sint
683 2240 784 2297 donati
808 2239 947 2312 episcopi,

262 2334 409 2392 Romanus
432 2336 517 2408 louge
541 2335 644 2408 opibus
668 2340 785 2392 57775557
808 2339 921 2392 0575705

262 2431 479 2504 Splendoreque
502 2432 599 2488 7777057
622 2447 721 2488 omnes
745 2433 775 2486 et
796 2428 937 2501 potentia,

205 2544 248 2586 700
263 2525 418 2583 Possideat
440 2525 563 2584 Romam
586 2529 615 2582 et
637 2525 802 2581 universam
818 2522 962 2590 Tusciam,

263 2620 303 2678 Et
326 2621 512 2693 episcopatus
536 2636 635 2678 omnes
658 2619 700 2675 illi
723 2618 859 2685 serviant,

264 2716 311 2774 Ex
335 2717 412 2773 omni
435 2715 557 2787 imperio
582 2717 736 2771 0077757757
758 2711 911 2784 pecuniam
934 2715 964 2766 07

264 2811 298 2867 In
321 2810 432 2868 cunctis
456 2826 510 2866 sua
531 2809 650 2881 negotia
673 2811 741 2879 agat
762 2804 919 2878 provinciis

265 2906 327 2962 Tuo
351 2906 440 2974 iussu,
464 2921 518 2961 nec
542 2905 588 2972 sit,
613 2903 662 2975 qui
685 2906 789 2958 contra
811 2899 926 2956 tussiat.

207 3019 249 3061 705
264 2999 410 3058 Doctores
434 3000 475 3056 570
498 2998 693 3068 ecclesiasque
715 3011 864 3067 promove,

264 3093 417 3152 Ecclesiae
439 3099 472 3150 77
495 3093 597 3165 dignus
622 3091 729 3148 diceris
751 3087 842 3146 filius!

610 3194 779 3251 lulianus.

266 3293 387 3360 7055775,
412 3289 564 3362 Porphyri‚
588 3305 643 3346 7750
665 3288 737 3345 75775
759 3285 908 3358 quaeritis.

265 3387 322 3445 Dic
345 3385 431 3455 serio,
455 3385 485 3442 in
508 3384 610 3456 quibus
633 3400 684 3440 vos
709 3398 809 3439 ornem
831 3379 928 3448 rebus,
952 3381 985 3434 ut

266 3481 425 3540 Doctrinae
448 3479 526 3536 nulla
548 3478 693 3550 prodeant
716 3474 877 3533 obstacula.

569 3579 824 3639 Pammachius.

209 3699 252 3742 770
268 3679 344 3751 Quid
367 3693 483 3752 semper
504 3661 681 3734 mentiouem
705 3673 856 3732 doctrinae
879 3664 973 3727 facis?
