2824 4196
362 279 574 337 0000000070,
597 280 802 324 Pnuirncrnvs
828 269 880 338 ΙΙΙ,
910 274 934 325 1.
1094 273 1130 330 81

580 455 719 514 Nestor.

233 552 257 609 Ο
282 551 435 608 audaciam
457 549 612 621 insignem!
640 549 716 618 Quid
739 550 843 622 dicam,
867 552 976 608 nesci0.

563 662 731 718 lulianus

233 758 317 823 Hem,
342 757 396 813 tibi
418 758 509 813 minas
533 757 606 812 illas

580 867 719 924 Nestor.

635 960 747 1032 Legisti
770 961 892 1031 litteras,

161 1075 218 1116 1765
234 1053 422 1128 Pterophon?

544 1165 759 1236 Pterophon.

469 1260 541 1331 Legi
565 1265 593 1317 et
616 1261 707 1332 relegi
730 1261 906 1332 diligentius,

233 1357 272 1412 Vt
295 1373 389 1412 essem
413 1355 521 1412 certior
543 1371 640 1410 rerum
663 1355 765 1411 harum
787 1356 914 1412 nuntius,

577 1465 718 1522 Nestor.

234 1561 392 1618 Cuiusnam
415 1560 620 1617 auctoritatem
644 1560 768 1629 adlegat,
794 1558 886 1631 rogo?

543 1671 756 1740 Pterophon.

878 1763 959 1822 Petri
983 1771 1012 1822 01

580 1969 719 2026 Nestor.

366 2064 481 2120 Nullum
505 2063 547 2118 illi
570 2063 766 2133 deposuerunt
790 2062 954 2134 Gaesarem,

234 2160 305 2217 Cum
328 2160 466 2226 viverent,
492 2162 521 2214 01
543 2175 618 2213 nunc
642 2157 790 2228 deponunt
812 2156 941 2215 mortui?

563 2268 733 2325 Iulianus,

163 2385 218 2426 7770
234 2366 350 2433 Nestor,
375 2381 442 2419 num
466 2380 524 2418 non
548 2380 648 2420 censes
673 2369 785 2433 ornato
809 2363 900 2421 milit-e

233 2460 305 2516 Tam
328 2457 447 2529 perfidis
471 2474 535 2513 osse
559 2457 732 2513 medendum
760 2456 933 2515 conatibus?

525 2619 526 2622 ¹
577 2577 718 2633 Nestor.

232 2673 272 2730 Et
294 2673 360 2742 nisi,
385 2671 502 2739 Caesar,
527 2671 758 2742 quamprimum
782 2673 953 2742 0000770110,
978 2673 1008 2728 in
1031 2673 1094 2731 dies

234 2767 329 2838 Magis
354 2784 387 2823 ac
411 2765 502 2837 magis
526 2766 618 2821 istaec
642 2764 796 2835 augebitur
819 2765 951 2822 audacia.

188 2899 190 2903 -
234 2861 342 2918 Notum
366 2865 411 2918 001
433 2875 638 2930 nonnunquam
659 2864 727 2929 post
749 2858 819 2916 folia
843 2861 947 2918 cadere
972 2860 1103 2919 arbores.

161 2966 228 3019 [700]
255 2956 321 3013 Non
344 2972 434 3026 usque
459 2955 532 3023 adeo
557 2953 710 3009 reverendi
733 2960 799 3009 sunt
821 2955 959 3026 episcopi,

234 3049 271 3105 Vt
294 3049 412 3106 tandem
436 3048 523 3104 etiarn
548 3047 711 3118 opprimere
735 3047 865 3105 nitantur
888 3048 1040 3107 Caesares.

542 3158 756 3228 Pterophon.

155 3269 158 3272 ·
235 3255 342 3311 Audite
366 3253 490 3324 reliqua!

563 3364 732 3420 lulianus

521 3458 656 3515 Etiamne
684 3457 807 3528 amplius
831 3464 876 3516 est
898 3459 1067 3532 quidpiam?

542 3569 756 3640 Pterophon.

232 3663 296 3721 Est.
322 3665 379 3721 Pro
404 3665 515 3722 cunctis
539 3664 654 3734 popello
683 3663 865 3721 contionibus

203 3769 238 3801 Lat
259 3770 440 3803 litteraturdenkm.
452 3769 467 3801 3.
968 3764 984 3814 6
