2824 4196
350 273 565 334 nnocnoaovs
588 275 793 324 Pannsemvs.
821 267 874 336 III,
903 271 928 324 Ι.
1088 269 1125 326 79

225 449 311 522 Quod
334 450 441 509 sinon
463 451 592 518 tulerint,
616 452 724 510 abeant
746 458 777 511 et
799 459 900 511 curent
927 472 988 512 sua.

153 550 229 613 [77οΙ
244 547 288 603 Tu
312 545 484 618 dignitatem
506 544 591 603 facile
615 551 694 604 tuam
718 547 847 606 tuebere.

557 666 726 724 Iulianus.

226 771 267 828 Te
291 770 389 842 diligo,
413 768 532 838 Nestor,
557 770 624 841 quia
646 770 807 841 prudenter
830 773 955 829 consulis

226 865 299 923 Cum
322 880 437 935 semper
459 869 520 920 tum
543 865 632 920 etiam
655 881 732 921 nunc
754 881 808 922 nec
830 882 970 938 personas
994 869 1080 938 solea,

154 981 210 1026 1735
226 961 285 1019 Sed
309 976 431 1032 aequum
455 959 608 1016 dumtaxat
630 975 745 1030 semper
766 959 876 1018 habere
899 961 929 1018 in
952 963 1051 1020 oculis.

225 1057 310 1113 Nunc
332 1053 443 1122 eadem,
468 1069 541 1124 quae
565 1058 595 1109 et
617 1069 680 1124 ego,
706 1054 805 1111 sentis.
842 1054 1002 1115 Contemno
1024 1058 1126 1129 minae,

225 1150 292 1207 Non
315 1148 411 1206 adnuo
434 1163 488 1204 nec
511 1147 599 1204 adnui
621 1147 724 1204 horum
748 1149 903 1220 quidpiam.

227 1244 258 1301 Si
280 1243 382 1299 nolunt
406 1242 575 1298 clementem
598 1240 684 1311 ferre,
709 1242 817 1300 iratum
839 1242 943 1301 ferent.

226 1337 375 1395 Fortassis
398 1341 428 1393 et
450 1336 653 1393 inclementem
676 1337 787 1393 honore
810 1337 910 1396 debito

156 1452 214 1494 1740
237 1430 449 1499 Observabunt,
475 1447 558 1502 quem
581 1447 656 1486 nunc
681 1436 868 1489 contemnunt
890 1433 1007 1491 rustice.

536 1557 749 1629 Pterophon.

226 1662 360 1734 Accipite
382 1679 450 1719 mox
473 1678 586 1733 equum,
610 1666 643 1718 ut
666 1662 835 1720 conveniam
860 1662 1028 1722 Caesarem!

227 1759 285 1815 Res
308 1773 413 1829 magna
436 1761 481 1814 est
502 1773 556 1813 nec
580 1756 749 1814 dilationem
772 1757 904 1816 sustinet.

572 1875 712 1932 Nestor.

227 1973 295 2030 Non
317 1971 427 2029 idcirco
453 1969 628 2026 credidimus
653 1968 780 2039 Christo,
803 1974 836 2026 ut
859 1971 964 2040 omnia,

228 2067 308 2137 Quae
331 2069 433 2123 nostra
456 2068 531 2132 sunt,
556 2063 636 2120 avari
660 2063 788 2134 expilent
810 2064 949 2136 episcopi.

558 2184 726 2241 Iulianus.

155 2301 212 2344 1745
228 2281 341 2354 Aliquis
364 2280 461 2352 pulsat
482 2278 570 2336 fores
596 2277 713 2348 Nestor,
738 2279 800 2350 quis
824 2279 871 2348 sit,
896 2279 975 2338 vide!

572 2409 713 2465 Nestor.

227 2505 397 2577 Pterophon
420 2507 472 2560 est.

559 2613 728 2670 lulianus.

507 2706 707 2778 Ingrediatur!
730 2706 850 2778 Aliquid
871 2705 996 2764 forsitan

227 2805 304 2864 Novi
326 2802 431 2862 adfert.

538 2911 754 2982 Pterophon.

464 3006 557 3076 Salve,
584 3005 705 3064 Caesar!

558 3136 727 3192 Iulianus

691 3237 767 3306 Quid
790 3236 959 3308 Pterophcn
982 3234 1044 3294 ait?

176 3371 181 3389 .
228 3336 304 3406 Quid
328 3331 467 3392 anhelas?
491 3334 566 3404 Quin
589 3333 725 3390 sudorem
749 3332 892 3403 abstergis
916 3328 1023 3389 antea?

537 3462 750 3534 Pterophon.

227 3567 363 3626 Festinus
387 3566 528 3636 advolavi,
554 3565 671 3634 Caesar,
695 3564 822 3632 nuntius,

156 3683 215 3726 1750
231 3662 271 3719 Vt
292 3678 339 3719 res
362 3661 498 3718 videntur
518 3660 667 3732 postulare
690 3659 843 3730 pessimae.
