2824 4196
371 262 583 324 suessonam,
605 266 808 316 ranunculus.
833 254 882 322 IV,
906 257 934 312 4.
1080 258 1136 314 143

171 453 236 507 [aab]
575 440 732 499 Satanas.

241 536 325 607 Hem,
350 535 419 608 quid
441 532 504 592 ais?

585 646 724 704 Dromo.

476 741 549 797 Rem
571 741 672 813 ipsam.

577 851 736 909 Satanas.

635 946 739 1003 Cassa!
764 945 878 1004 Suscita
901 948 1062 1020 episcopos,

240 1041 411 1110 Monachos‚
436 1042 600 1108 canonicos
625 1041 758 1098 cardines
782 1046 811 1098 et
834 1042 961 1099 cataros!

527 1159 779 1217 Pammachius.

71 1245 75 1252 ⁵
169 1274 225 1317 alas
240 1256 307 1322 Hui,
333 1255 451 1328 surgite,
476 1255 585 1327 surgite
613 1254 726 1311 omnes!

587 1366 724 1423 Dromo.

684 1459 776 1528 Quam
798 1461 926 1532 graviter
948 1469 1055 1534 queunt

240 1556 417 1612 Hesternam
439 1570 558 1624 prorsus
583 1554 730 1625 crapulam
754 1554 930 1612 destertarei

573 1672 733 1730 Satanas.

240 1769 344 1826 Recita
365 1784 441 1825 nunc
465 1767 556 1825 clare!

583 1877 609 1933 D
620 1894 657 1934 ro
664 1894 692 1933 m
699 1893 724 1934 0.

526 1971 617 2042 Quam
640 1971 752 2041 voletis,
777 1972 892 2029 clarius.

240 2065 457 2125 Consurrexere
479 2065 579 2124 hostes
602 2066 632 2122 in
654 2082 706 2122 vos
729 2064 890 2136 fortissimi,

239 2160 429 2218 Monarchiae
453 2160 501 2232 qui
523 2165 638 2217 vestrae
661 2160 786 2230 passima
810 2161 918 2218 volunt.

527 2270 778 2329 Pammachius.

167 2386 224 2428 eaoo
239 2367 294 2437 Qui
317 2363 403 2424 sunt?
426 2362 502 2424 Vbi?
526 2365 596 2435 Quis
620 2364 792 2438 defectionis
816 2365 938 2425 auctor?
961 2367 1002 2425 Et

239 2458 443 2533 Quapropter?
467 2457 610 2530 Quando?
634 2459 696 2529 Quo
720 2458 847 2519 robore?
871 2461 934 2531 Quo
958 2461 1106 2520 exercitu?

253 2633 255 2637 .
583 2578 722 2636 Dromo.

239 2675 322 2743 Hem,
347 2673 422 2730 istuc
445 2672 531 2730 ibam.
555 2672 603 2730 Ad
627 2673 855 2744 septentrionem
878 2673 1008 2733 Saxones

237 2768 388 2825 Habitant.
414 2767 494 2824 Inter
515 2766 569 2825 hos
592 2765 652 2823 vidi
675 2766 825 2825 doctorem
848 2783 962 2838 novum,

237 2862 293 2932 Qui
315 2860 447 2919 Veritate
470 2860 617 2932 Pauloque
641 2860 861 2918 exhortantibus
891 2893 906 2912 .

165 2974 222 3017 snos
236 2956 401 3014 Adversum
423 2972 475 3012 vos
499 2954 659 3013 Germanos
683 2971 782 3012 omnes
806 2956 915 3013 excitat

236 3050 396 3108 Doctrinae
418 3053 534 3106 vestrae
557 3049 653 3121 gratia
675 3055 705 3106 et
727 3049 900 3120 tyrannidis,

237 3143 317 3213 Quae
340 3143 463 3214 amplius
485 3143 564 3201 haud
587 3143 740 3200 toleranda
763 3159 827 3200 esse
850 3144 955 3201 suadet
976 3143 1100 3203 fortiter.

236 3238 277 3295 Et
298 3237 385 3295 modo
409 3253 478 3294 sane
501 3253 560 3294 non
583 3237 712 3295 Saxones
736 3237 837 3306 solum,
862 3238 914 3295 sed
937 3244 966 3296 et

237 3331 374 3389 Germani
396 3330 487 3389 terme
511 3348 610 3389 omnes
625 3336 754 3388 vestrum
777 3331 906 3389 abiciunt
928 3333 1035 3405 iugum,

164 3443 221 3488 earo
236 3425 295 3484 Vos
318 3426 408 3482 veluti
429 3426 605 3497 impostores
629 3426 813 3482 detestantur
838 3427 921 3484 male.

572 3544 732 3602 Satanas.

235 3641 329 3699 Audis
352 3641 434 3709 haec,
459 3637 646 3697 Pammachi?
