<?xml version="1.0" encoding="UTF-8"?>
<!DOCTYPE html PUBLIC "-//W3C//DTD XHTML 1.0 Transitional//EN"
    "http://www.w3.org/TR/xhtml1/DTD/xhtml1-transitional.dtd">
<html xmlns="http://www.w3.org/1999/xhtml" xml:lang="en" lang="en">
 <head>
  <title>
</title>
<meta http-equiv="Content-Type" content="text/html;charset=utf-8" />
  <meta name='ocr-system' content='tesseract 3.04.00' />
  <meta name='ocr-capabilities' content='ocr_page ocr_carea ocr_par ocr_line ocrx_word'/>
</head>
<body>
  <div class='ocr_page' id='page_1' title='image "./pammachius00boltgoog_0144.png"; bbox 0 0 2824 4196; ppageno 0'>
   <div class='ocr_carea' id='block_1_1' title="bbox 280 261 1050 336">
    <p class='ocr_par' dir='ltr' id='par_1_1' title="bbox 280 261 1050 336">
     <span class='ocr_line' id='line_1_1' title="bbox 280 261 1050 336; baseline 0.009 -20"><span class='ocrx_word' id='word_1_1' title='bbox 280 261 336 319; x_wconf 87' lang='lat'><strong>108</strong></span> <span class='ocrx_word' id='word_1_2' title='bbox 475 273 688 332; x_wconf 74' lang='lat' dir='ltr'><strong>usooeonevs</strong></span> <span class='ocrx_word' id='word_1_3' title='bbox 712 275 919 320; x_wconf 77' lang='lat' dir='ltr'><strong>ennuncmvs.</strong></span> <span class='ocrx_word' id='word_1_4' title='bbox 944 265 997 336; x_wconf 83' lang='grc' dir='ltr'>ΙΙΙ,</span> <span class='ocrx_word' id='word_1_5' title='bbox 1024 267 1050 323; x_wconf 87' lang='lat'><strong>5.</strong></span> 
     </span>
    </p>
   </div>
   <div class='ocr_carea' id='block_1_2' title="bbox 275 451 1096 807">
    <p class='ocr_par' dir='ltr' id='par_1_2' title="bbox 275 451 1096 807">
     <span class='ocr_line' id='line_1_2' title="bbox 638 451 889 514; baseline 0.008 -7"><span class='ocrx_word' id='word_1_6' title='bbox 638 451 889 514; x_wconf 92' lang='lat' dir='ltr'><strong>Pammachius.</strong></span> 
     </span>
     <span class='ocr_line' id='line_1_3' title="bbox 275 542 1002 616; baseline 0.001 -13"><span class='ocrx_word' id='word_1_7' title='bbox 275 542 378 603; x_wconf 75' lang='lat'>243081</span> <span class='ocrx_word' id='word_1_8' title='bbox 400 542 486 614; x_wconf 90' lang='lat' dir='ltr'><strong>fallis,</strong></span> <span class='ocrx_word' id='word_1_9' title='bbox 511 546 621 614; x_wconf 89' lang='lat' dir='ltr'><strong>mulier,</strong></span> <span class='ocrx_word' id='word_1_10' title='bbox 646 551 679 602; x_wconf 94' lang='lat' dir='ltr'><strong>ut</strong></span> <span class='ocrx_word' id='word_1_11' title='bbox 700 545 831 603; x_wconf 81' lang='lat' dir='ltr'><strong>fefellisti</strong></span> <span class='ocrx_word' id='word_1_12' title='bbox 853 547 1002 616; x_wconf 66' lang='lat' dir='ltr'><strong>hactonus</strong></span> 
     </span>
     <span class='ocr_line' id='line_1_4' title="bbox 348 621 1044 712; baseline 0.006 -18"><span class='ocrx_word' id='word_1_13' title='bbox 348 621 439 695; x_wconf 81' lang='lat' dir='ltr'><strong>Paeto</strong></span> <span class='ocrx_word' id='word_1_14' title='bbox 463 639 527 710; x_wconf 91' lang='lat' dir='ltr'><strong>ipso</strong></span> <span class='ocrx_word' id='word_1_15' title='bbox 551 640 653 696; x_wconf 90' lang='lat' dir='ltr'><strong>eadem</strong></span> <span class='ocrx_word' id='word_1_16' title='bbox 676 644 705 696; x_wconf 90' lang='lat' dir='ltr'><strong>te</strong></span> <span class='ocrx_word' id='word_1_17' title='bbox 730 641 869 712; x_wconf 80' lang='lat' dir='ltr'>suscipiet</span> <span class='ocrx_word' id='word_1_18' title='bbox 891 642 1044 698; x_wconf 87' lang='lat' dir='ltr'><strong>sententia.</strong></span> 
     </span>
     <span class='ocr_line' id='line_1_5' title="bbox 347 731 1096 807; baseline 0.004 -19"><span class='ocrx_word' id='word_1_19' title='bbox 347 731 478 802; x_wconf 79' lang='lat' dir='ltr'><strong>Dimitte,</strong></span> <span class='ocrx_word' id='word_1_20' title='bbox 504 733 663 805; x_wconf 77' lang='lat' dir='ltr'><strong>Porphyrii</strong></span> <span class='ocrx_word' id='word_1_21' title='bbox 688 733 773 801; x_wconf 82' lang='lat' dir='ltr'>Cave,</span> <span class='ocrx_word' id='word_1_22' title='bbox 798 740 830 791; x_wconf 94' lang='lat' dir='ltr'><strong>ut</strong></span> <span class='ocrx_word' id='word_1_23' title='bbox 853 735 922 806; x_wconf 88' lang='lat' dir='ltr'><strong>qnid</strong></span> <span class='ocrx_word' id='word_1_24' title='bbox 944 735 1096 807; x_wconf 85' lang='lat' dir='ltr'><strong>grunniasl</strong></span> 
     </span>
    </p>
   </div>
   <div class='ocr_carea' id='block_1_3' title="bbox 349 844 962 1010">
    <p class='ocr_par' dir='ltr' id='par_1_3' title="bbox 349 844 962 1010">
     <span class='ocr_line' id='line_1_6' title="bbox 660 844 865 901; baseline 0.005 -1"><span class='ocrx_word' id='word_1_25' title='bbox 660 844 865 901; x_wconf 90' lang='lat' dir='ltr'><strong>Parrhesia.</strong></span> 
     </span>
     <span class='ocr_line' id='line_1_7' title="bbox 349 936 962 1010; baseline 0.005 -17"><span class='ocrx_word' id='word_1_26' title='bbox 349 936 397 993; x_wconf 83' lang='lat' dir='ltr'><strong>Sic</strong></span> <span class='ocrx_word' id='word_1_27' title='bbox 419 936 517 1006; x_wconf 82' lang='lat' dir='ltr'><strong>facite,</strong></span> <span class='ocrx_word' id='word_1_28' title='bbox 541 954 622 1009; x_wconf 85' lang='lat' dir='ltr'><strong>rogo,</strong></span> <span class='ocrx_word' id='word_1_29' title='bbox 648 939 825 996; x_wconf 83' lang='lat' dir='ltr'><strong>sanctissimi</strong></span> <span class='ocrx_word' id='word_1_30' title='bbox 847 939 962 1010; x_wconf 87' lang='lat' dir='ltr'><strong>patres!</strong></span> 
     </span>
    </p>
   </div>
   <div class='ocr_carea' id='block_1_4' title="bbox 277 1049 1252 1498">
    <p class='ocr_par' dir='ltr' id='par_1_4' title="bbox 277 1049 1252 1498">
     <span class='ocr_line' id='line_1_8' title="bbox 649 1049 879 1122; baseline 0.004 -16"><span class='ocrx_word' id='word_1_31' title='bbox 649 1049 879 1122; x_wconf 85' lang='lat' dir='ltr'><strong>Porphyrius</strong></span> 
     </span>
     <span class='ocr_line' id='line_1_9' title="bbox 948 1146 1044 1216; baseline 0.01 -14"><span class='ocrx_word' id='word_1_32' title='bbox 948 1146 1044 1216; x_wconf 86' lang='lat' dir='ltr'><strong>Pater,</strong></span> 
     </span>
     <span class='ocr_line' id='line_1_10' title="bbox 349 1237 1047 1309; baseline 0.006 -17"><span class='ocrx_word' id='word_1_33' title='bbox 349 1237 410 1293; x_wconf 93' lang='lat' dir='ltr'><strong>Iam</strong></span> <span class='ocrx_word' id='word_1_34' title='bbox 433 1253 508 1294; x_wconf 93' lang='lat' dir='ltr'><strong>nunc</strong></span> <span class='ocrx_word' id='word_1_35' title='bbox 531 1238 645 1309; x_wconf 89' lang='lat' dir='ltr'><strong>imperii</strong></span> <span class='ocrx_word' id='word_1_36' title='bbox 668 1238 856 1296; x_wconf 87' lang='lat' dir='ltr'><strong>fundamenta</strong></span> <span class='ocrx_word' id='word_1_37' title='bbox 878 1241 957 1297; x_wconf 90' lang='lat' dir='ltr'><strong>iacta</strong></span> <span class='ocrx_word' id='word_1_38' title='bbox 981 1246 1047 1298; x_wconf 92' lang='lat' dir='ltr'><strong>sunt</strong></span> 
     </span>
     <span class='ocr_line' id='line_1_11' title="bbox 277 1331 1252 1407; baseline 0.008 -21"><span class='ocrx_word' id='word_1_39' title='bbox 277 1341 347 1393; x_wconf 76' lang='lat' dir='ltr'><strong>tffla]</strong></span> <span class='ocrx_word' id='word_1_40' title='bbox 372 1331 429 1388; x_wconf 91' lang='lat' dir='ltr'><strong>Per</strong></span> <span class='ocrx_word' id='word_1_41' title='bbox 451 1349 505 1401; x_wconf 85' lang='lat' dir='ltr'><strong>me,</strong></span> <span class='ocrx_word' id='word_1_42' title='bbox 529 1337 562 1388; x_wconf 91' lang='lat' dir='ltr'><strong>ut</strong></span> <span class='ocrx_word' id='word_1_43' title='bbox 584 1333 704 1389; x_wconf 88' lang='lat' dir='ltr'><strong>iussisti.</strong></span> <span class='ocrx_word' id='word_1_44' title='bbox 734 1334 817 1390; x_wconf 85' lang='lat' dir='ltr'><strong>Nunc</strong></span> <span class='ocrx_word' id='word_1_45' title='bbox 841 1340 872 1391; x_wconf 92' lang='lat' dir='ltr'><strong>tu</strong></span> <span class='ocrx_word' id='word_1_46' title='bbox 895 1333 1047 1404; x_wconf 72' lang='lat' dir='ltr'><strong>aedificer,</strong></span> <span class='ocrx_word' id='word_1_47' title='bbox 1072 1353 1146 1407; x_wconf 88' lang='lat' dir='ltr'><strong>quae</strong></span> <span class='ocrx_word' id='word_1_48' title='bbox 1169 1337 1252 1396; x_wconf 90' lang='lat' dir='ltr'><strong>libet.</strong></span> 
     </span>
     <span class='ocr_line' id='line_1_12' title="bbox 349 1425 1010 1498; baseline 0.003 -16"><span class='ocrx_word' id='word_1_49' title='bbox 349 1425 403 1495; x_wconf 75' lang='lat' dir='ltr'><strong>oui</strong></span> <span class='ocrx_word' id='word_1_50' title='bbox 426 1444 485 1483; x_wconf 92' lang='lat' dir='ltr'><strong>non</strong></span> <span class='ocrx_word' id='word_1_51' title='bbox 506 1433 618 1498; x_wconf 86' lang='lat' dir='ltr'><strong>pareat,</strong></span> <span class='ocrx_word' id='word_1_52' title='bbox 644 1428 749 1498; x_wconf 86' lang='lat' dir='ltr'><strong>opinor</strong></span> <span class='ocrx_word' id='word_1_53' title='bbox 771 1445 835 1484; x_wconf 89' lang='lat' dir='ltr'><strong>esse</strong></span> <span class='ocrx_word' id='word_1_54' title='bbox 858 1429 1010 1486; x_wconf 88' lang='lat' dir='ltr'><strong>neminem.</strong></span> 
     </span>
    </p>
   </div>
   <div class='ocr_carea' id='block_1_5' title="bbox 278 1530 1183 2176">
    <p class='ocr_par' dir='ltr' id='par_1_5' title="bbox 278 1530 1183 2176">
     <span class='ocr_line' id='line_1_13' title="bbox 635 1530 892 1588; baseline 0.004 -2"><span class='ocrx_word' id='word_1_55' title='bbox 635 1530 892 1588; x_wconf 84' lang='lat' dir='ltr'><strong>Pammachius.</strong></span> 
     </span>
     <span class='ocr_line' id='line_1_14' title="bbox 350 1623 997 1696; baseline 0.003 -16"><span class='ocrx_word' id='word_1_56' title='bbox 350 1623 482 1681; x_wconf 90' lang='lat' dir='ltr'><strong>Pulchre.</strong></span> <span class='ocrx_word' id='word_1_57' title='bbox 508 1623 665 1681; x_wconf 84' lang='lat' dir='ltr'><strong>Creaturas</strong></span> <span class='ocrx_word' id='word_1_58' title='bbox 690 1642 743 1696; x_wconf 81' lang='lat' dir='ltr'><strong>ego</strong></span> <span class='ocrx_word' id='word_1_59' title='bbox 769 1625 874 1682; x_wconf 88' lang='lat' dir='ltr'><strong>creabo</strong></span> <span class='ocrx_word' id='word_1_60' title='bbox 897 1643 997 1695; x_wconf 82' lang='lat' dir='ltr'><strong>novus,</strong></span> 
     </span>
     <span class='ocr_line' id='line_1_15' title="bbox 349 1717 882 1790; baseline -0.002 -15"><span class='ocrx_word' id='word_1_61' title='bbox 349 1717 456 1775; x_wconf 84' lang='lat' dir='ltr'><strong>Creare</strong></span> <span class='ocrx_word' id='word_1_62' title='bbox 479 1736 515 1775; x_wconf 93' lang='lat' dir='ltr'><strong>ne</strong></span> <span class='ocrx_word' id='word_1_63' title='bbox 539 1719 593 1775; x_wconf 95' lang='lat' dir='ltr'><strong>soli</strong></span> <span class='ocrx_word' id='word_1_64' title='bbox 616 1719 796 1790; x_wconf 77' lang='lat' dir='ltr'><strong>relinquatur</strong></span> <span class='ocrx_word' id='word_1_65' title='bbox 818 1719 882 1776; x_wconf 91' lang='lat' dir='ltr'><strong>deo.</strong></span> 
     </span>
     <span class='ocr_line' id='line_1_16' title="bbox 348 1813 969 1884; baseline 0 -15"><span class='ocrx_word' id='word_1_66' title='bbox 348 1813 529 1870; x_wconf 85' lang='lat' dir='ltr'><strong>Exorientur</strong></span> <span class='ocrx_word' id='word_1_67' title='bbox 552 1813 609 1870; x_wconf 90' lang='lat' dir='ltr'><strong>cito</strong></span> <span class='ocrx_word' id='word_1_68' title='bbox 633 1813 690 1869; x_wconf 93' lang='lat' dir='ltr'><strong>mei</strong></span> <span class='ocrx_word' id='word_1_69' title='bbox 713 1815 795 1884; x_wconf 81' lang='lat' dir='ltr'><strong>regni</strong></span> <span class='ocrx_word' id='word_1_70' title='bbox 819 1814 969 1871; x_wconf 80' lang='lat' dir='ltr'><strong>cardines!</strong></span> 
     </span>
     <span class='ocr_line' id='line_1_17' title="bbox 649 1916 881 1987; baseline 0 -16"><span class='ocrx_word' id='word_1_71' title='bbox 649 1916 881 1987; x_wconf 86' lang='lat' dir='ltr'><strong>Porphyrius.</strong></span> 
     </span>
     <span class='ocr_line' id='line_1_18' title="bbox 278 2007 1183 2082; baseline -0.001 -12"><span class='ocrx_word' id='word_1_72' title='bbox 278 2029 334 2070; x_wconf 72' lang='lat' dir='ltr'><strong>arro</strong></span> <span class='ocrx_word' id='word_1_73' title='bbox 350 2011 456 2082; x_wconf 83' lang='lat' dir='ltr'><strong>Papae,</strong></span> <span class='ocrx_word' id='word_1_74' title='bbox 483 2010 552 2082; x_wconf 85' lang='lat' dir='ltr'><strong>quid</strong></span> <span class='ocrx_word' id='word_1_75' title='bbox 574 2007 670 2066; x_wconf 84' lang='lat' dir='ltr'><strong>istuc?</strong></span> <span class='ocrx_word' id='word_1_76' title='bbox 695 2010 758 2067; x_wconf 88' lang='lat' dir='ltr'><strong>Orti</strong></span> <span class='ocrx_word' id='word_1_77' title='bbox 782 2015 849 2066; x_wconf 91' lang='lat' dir='ltr'><strong>sunt</strong></span> <span class='ocrx_word' id='word_1_78' title='bbox 872 2015 984 2067; x_wconf 89' lang='lat' dir='ltr'><strong>ettam</strong></span> <span class='ocrx_word' id='word_1_79' title='bbox 1009 2011 1076 2068; x_wconf 90' lang='lat' dir='ltr'><strong>cito.</strong></span> <span class='ocrx_word' id='word_1_80' title='bbox 1102 2011 1183 2070; x_wconf 88' lang='lat' dir='ltr'><strong>Haec</strong></span> 
     </span>
     <span class='ocr_line' id='line_1_19' title="bbox 349 2105 1069 2176; baseline -0.001 -15"><span class='ocrx_word' id='word_1_81' title='bbox 349 2105 456 2162; x_wconf 92' lang='lat' dir='ltr'><strong>Divina</strong></span> <span class='ocrx_word' id='word_1_82' title='bbox 480 2109 525 2162; x_wconf 87' lang='lat' dir='ltr'><strong>est</strong></span> <span class='ocrx_word' id='word_1_83' title='bbox 547 2105 599 2161; x_wconf 82' lang='lat' dir='ltr'><strong>vis</strong></span> <span class='ocrx_word' id='word_1_84' title='bbox 625 2105 672 2161; x_wconf 88' lang='lat' dir='ltr'><strong>Ad</strong></span> <span class='ocrx_word' id='word_1_85' title='bbox 695 2105 814 2162; x_wconf 87' lang='lat' dir='ltr'><strong>verbum</strong></span> <span class='ocrx_word' id='word_1_86' title='bbox 837 2111 941 2176; x_wconf 90' lang='lat' dir='ltr'><strong>parent</strong></span> <span class='ocrx_word' id='word_1_87' title='bbox 965 2106 1069 2162; x_wconf 92' lang='lat' dir='ltr'><strong>omnia.</strong></span> 
     </span>
    </p>
   </div>
   <div class='ocr_carea' id='block_1_6' title="bbox 278 2207 1112 3042">
    <p class='ocr_par' dir='ltr' id='par_1_6' title="bbox 278 2207 1112 3042">
     <span class='ocr_line' id='line_1_20' title="bbox 639 2207 893 2264; baseline 0.004 -1"><span class='ocrx_word' id='word_1_88' title='bbox 639 2207 893 2264; x_wconf 89' lang='lat' dir='ltr'><strong>Pammachius.</strong></span> 
     </span>
     <span class='ocr_line' id='line_1_21' title="bbox 350 2302 1112 2360; baseline 0.001 -2"><span class='ocrx_word' id='word_1_89' title='bbox 350 2302 497 2358; x_wconf 82' lang='lat' dir='ltr'><strong>Producat</strong></span> <span class='ocrx_word' id='word_1_90' title='bbox 521 2302 655 2358; x_wconf 91' lang='lat' dir='ltr'><strong>doctrina</strong></span> <span class='ocrx_word' id='word_1_91' title='bbox 677 2319 742 2358; x_wconf 91' lang='lat' dir='ltr'><strong>mea</strong></span> <span class='ocrx_word' id='word_1_92' title='bbox 764 2302 971 2358; x_wconf 90' lang='lat' dir='ltr'><strong>monachorum</strong></span> <span class='ocrx_word' id='word_1_93' title='bbox 995 2303 1112 2360; x_wconf 85' lang='lat' dir='ltr'><strong>ordines</strong></span> 
     </span>
     <span class='ocr_line' id='line_1_22' title="bbox 350 2397 1014 2466; baseline 0 -13"><span class='ocrx_word' id='word_1_94' title='bbox 350 2397 463 2453; x_wconf 90' lang='lat' dir='ltr'><strong>Tonsos</strong></span> <span class='ocrx_word' id='word_1_95' title='bbox 488 2401 517 2452; x_wconf 90' lang='lat' dir='ltr'><strong>et</strong></span> <span class='ocrx_word' id='word_1_96' title='bbox 539 2397 680 2464; x_wconf 89' lang='lat' dir='ltr'><strong>intonsos,</strong></span> <span class='ocrx_word' id='word_1_97' title='bbox 704 2397 798 2466; x_wconf 88' lang='lat' dir='ltr'><strong>pullos</strong></span> <span class='ocrx_word' id='word_1_98' title='bbox 822 2402 851 2453; x_wconf 92' lang='lat' dir='ltr'><strong>et</strong></span> <span class='ocrx_word' id='word_1_99' title='bbox 875 2397 1014 2454; x_wconf 87' lang='lat' dir='ltr'><strong>candidos</strong></span> 
     </span>
     <span class='ocr_line' id='line_1_23' title="bbox 351 2491 992 2563; baseline -0.002 -15"><span class='ocrx_word' id='word_1_100' title='bbox 351 2491 494 2563; x_wconf 85' lang='lat' dir='ltr'><strong>Mixtique</strong></span> <span class='ocrx_word' id='word_1_101' title='bbox 519 2491 633 2559; x_wconf 74' lang='lat' dir='ltr'><strong>coloris</strong></span> <span class='ocrx_word' id='word_1_102' title='bbox 658 2507 802 2562; x_wconf 91' lang='lat' dir='ltr'><strong>pauperes</strong></span> <span class='ocrx_word' id='word_1_103' title='bbox 826 2497 855 2548; x_wconf 92' lang='lat' dir='ltr'><strong>et</strong></span> <span class='ocrx_word' id='word_1_104' title='bbox 879 2492 992 2560; x_wconf 72' lang='lat' dir='ltr'><strong>divites</strong></span> 
     </span>
     <span class='ocr_line' id='line_1_24' title="bbox 278 2585 999 2656; baseline -0.003 -12"><span class='ocrx_word' id='word_1_105' title='bbox 278 2605 335 2646; x_wconf 77' lang='lat'>2445</span> <span class='ocrx_word' id='word_1_106' title='bbox 351 2585 469 2642; x_wconf 87' lang='lat' dir='ltr'><strong>Cinctos</strong></span> <span class='ocrx_word' id='word_1_107' title='bbox 493 2591 522 2642; x_wconf 90' lang='lat' dir='ltr'><strong>et</strong></span> <span class='ocrx_word' id='word_1_108' title='bbox 546 2585 711 2653; x_wconf 68' lang='lat' dir='ltr'><strong>discinctos</strong></span> <span class='ocrx_word' id='word_1_109' title='bbox 735 2585 875 2656; x_wconf 87' lang='lat' dir='ltr'><strong>pellicius,</strong></span> <span class='ocrx_word' id='word_1_110' title='bbox 900 2587 999 2642; x_wconf 87' lang='lat' dir='ltr'><strong>laneos</strong></span> 
     </span>
     <span class='ocr_line' id='line_1_25' title="bbox 350 2679 927 2750; baseline -0.002 -13"><span class='ocrx_word' id='word_1_111' title='bbox 350 2680 391 2737; x_wconf 86' lang='lat' dir='ltr'><strong>Et</strong></span> <span class='ocrx_word' id='word_1_112' title='bbox 412 2681 514 2749; x_wconf 87' lang='lat' dir='ltr'><strong>lineos,</strong></span> <span class='ocrx_word' id='word_1_113' title='bbox 539 2680 721 2750; x_wconf 87' lang='lat' dir='ltr'><strong>Epicuraeos</strong></span> <span class='ocrx_word' id='word_1_114' title='bbox 746 2685 775 2736; x_wconf 93' lang='lat' dir='ltr'><strong>et</strong></span> <span class='ocrx_word' id='word_1_115' title='bbox 798 2679 927 2736; x_wconf 82' lang='lat' dir='ltr'><strong>Stoicos!</strong></span> 
     </span>
     <span class='ocr_line' id='line_1_26' title="bbox 654 2782 885 2853; baseline 0 -15"><span class='ocrx_word' id='word_1_116' title='bbox 654 2782 885 2853; x_wconf 78' lang='lat' dir='ltr'><strong>Porphyrius</strong></span> 
     </span>
     <span class='ocr_line' id='line_1_27' title="bbox 352 2877 1076 2948; baseline -0.004 -13"><span class='ocrx_word' id='word_1_117' title='bbox 352 2879 503 2945; x_wconf 82' lang='lat' dir='ltr'><strong>Produxit,</strong></span> <span class='ocrx_word' id='word_1_118' title='bbox 530 2877 665 2946; x_wconf 88' lang='lat' dir='ltr'><strong>Hercule,</strong></span> <span class='ocrx_word' id='word_1_119' title='bbox 690 2895 796 2933; x_wconf 87' lang='lat' dir='ltr'><strong>novum</strong></span> <span class='ocrx_word' id='word_1_120' title='bbox 819 2893 954 2933; x_wconf 89' lang='lat' dir='ltr'><strong>ranarum</strong></span> <span class='ocrx_word' id='word_1_121' title='bbox 978 2894 1076 2948; x_wconf 78' lang='lat' dir='ltr'><strong>genus,</strong></span> 
     </span>
     <span class='ocr_line' id='line_1_28' title="bbox 351 2971 1100 3042; baseline -0.003 -13"><span class='ocrx_word' id='word_1_122' title='bbox 351 2973 435 3042; x_wconf 75' lang='lat' dir='ltr'><strong>Quod</strong></span> <span class='ocrx_word' id='word_1_123' title='bbox 458 2973 534 3040; x_wconf 90' lang='lat' dir='ltr'><strong>vino,</strong></span> <span class='ocrx_word' id='word_1_124' title='bbox 559 2978 591 3027; x_wconf 91' lang='lat' dir='ltr'><strong>ut</strong></span> <span class='ocrx_word' id='word_1_125' title='bbox 613 2972 708 3040; x_wconf 87' lang='lat' dir='ltr'><strong>video,</strong></span> <span class='ocrx_word' id='word_1_126' title='bbox 734 2971 904 3040; x_wconf 83' lang='lat' dir='ltr'><strong>delectatur,</strong></span> <span class='ocrx_word' id='word_1_127' title='bbox 929 2988 987 3027; x_wconf 92' lang='lat' dir='ltr'><strong>uon</strong></span> <span class='ocrx_word' id='word_1_128' title='bbox 1010 2972 1100 3042; x_wconf 85' lang='lat' dir='ltr'><strong>aquis.</strong></span> 
     </span>
    </p>
   </div>
   <div class='ocr_carea' id='block_1_7' title="bbox 279 3075 1166 3729">
    <p class='ocr_par' dir='ltr' id='par_1_7' title="bbox 279 3075 1166 3729">
     <span class='ocr_line' id='line_1_29' title="bbox 644 3075 895 3131; baseline -0.008 0"><span class='ocrx_word' id='word_1_129' title='bbox 644 3075 895 3131; x_wconf 90' lang='lat' dir='ltr'><strong>Pammachius.</strong></span> 
     </span>
     <span class='ocr_line' id='line_1_30' title="bbox 352 3168 1021 3238; baseline 0.001 -13"><span class='ocrx_word' id='word_1_130' title='bbox 352 3170 452 3227; x_wconf 89' lang='lat' dir='ltr'><strong>Pariat</strong></span> <span class='ocrx_word' id='word_1_131' title='bbox 475 3170 609 3226; x_wconf 88' lang='lat' dir='ltr'><strong>doctrina</strong></span> <span class='ocrx_word' id='word_1_132' title='bbox 632 3187 696 3225; x_wconf 89' lang='lat' dir='ltr'><strong>mea</strong></span> <span class='ocrx_word' id='word_1_133' title='bbox 720 3169 875 3226; x_wconf 86' lang='lat' dir='ltr'><strong>canonicos</strong></span> <span class='ocrx_word' id='word_1_134' title='bbox 899 3168 1021 3238; x_wconf 89' lang='lat' dir='ltr'><strong>nobiles,</strong></span> 
     </span>
     <span class='ocr_line' id='line_1_31' title="bbox 279 3261 1166 3334; baseline -0.008 -9"><span class='ocrx_word' id='word_1_135' title='bbox 279 3283 337 3324; x_wconf 76' lang='lat' dir='ltr'><strong>areo</strong></span> <span class='ocrx_word' id='word_1_136' title='bbox 352 3263 407 3333; x_wconf 76' lang='lat' dir='ltr'><strong>our</strong></span> <span class='ocrx_word' id='word_1_137' title='bbox 432 3263 550 3320; x_wconf 90' lang='lat' dir='ltr'><strong>canibus</strong></span> <span class='ocrx_word' id='word_1_138' title='bbox 575 3269 605 3319; x_wconf 95' lang='lat' dir='ltr'><strong>et</strong></span> <span class='ocrx_word' id='word_1_139' title='bbox 627 3264 708 3334; x_wconf 82' lang='lat' dir='ltr'><strong>equis</strong></span> <span class='ocrx_word' id='word_1_140' title='bbox 732 3263 892 3320; x_wconf 79' lang='lat' dir='ltr'><strong>Romanam</strong></span> <span class='ocrx_word' id='word_1_141' title='bbox 917 3263 1042 3321; x_wconf 89' lang='lat' dir='ltr'><strong>doceant</strong></span> <span class='ocrx_word' id='word_1_142' title='bbox 1064 3261 1166 3319; x_wconf 91' lang='lat' dir='ltr'><strong>fidem!</strong></span> 
     </span>
     <span class='ocr_line' id='line_1_32' title="bbox 651 3367 880 3437; baseline 0 -15"><span class='ocrx_word' id='word_1_143' title='bbox 651 3367 880 3437; x_wconf 90' lang='lat' dir='ltr'><strong>Porphyrius.</strong></span> 
     </span>
     <span class='ocr_line' id='line_1_33' title="bbox 353 3459 1111 3533; baseline -0.004 -15"><span class='ocrx_word' id='word_1_144' title='bbox 353 3462 477 3519; x_wconf 85' lang='lat' dir='ltr'><strong>Adsunt.</strong></span> <span class='ocrx_word' id='word_1_145' title='bbox 503 3461 526 3518; x_wconf 91' lang='grc' dir='ltr'><strong>Ο</strong></span> <span class='ocrx_word' id='word_1_146' title='bbox 550 3477 635 3532; x_wconf 84' lang='lat' dir='ltr'><strong>quam</strong></span> <span class='ocrx_word' id='word_1_147' title='bbox 658 3461 779 3532; x_wconf 81' lang='lat' dir='ltr'><strong>pingues</strong></span> <span class='ocrx_word' id='word_1_148' title='bbox 804 3467 832 3516; x_wconf 88' lang='lat' dir='ltr'><strong>et</strong></span> <span class='ocrx_word' id='word_1_149' title='bbox 856 3466 955 3518; x_wconf 88' lang='lat' dir='ltr'><strong>ventre</strong></span> <span class='ocrx_word' id='word_1_150' title='bbox 979 3459 1111 3533; x_wconf 83' lang='lat' dir='ltr'><strong>turgido!</strong></span> 
     </span>
     <span class='ocr_line' id='line_1_34' title="bbox 642 3563 895 3620; baseline 0 -2"><span class='ocrx_word' id='word_1_151' title='bbox 642 3563 895 3620; x_wconf 85' lang='lat' dir='ltr'><strong>Pammachius.</strong></span> 
     </span>
     <span class='ocr_line' id='line_1_35' title="bbox 353 3657 1062 3729; baseline -0.006 -13"><span class='ocrx_word' id='word_1_152' title='bbox 353 3658 555 3716; x_wconf 84' lang='lat' dir='ltr'><strong>Aedificentur</strong></span> <span class='ocrx_word' id='word_1_153' title='bbox 577 3659 737 3729; x_wconf 84' lang='lat' dir='ltr'><strong>praelargis</strong></span> <span class='ocrx_word' id='word_1_154' title='bbox 761 3658 868 3728; x_wconf 86' lang='lat' dir='ltr'><strong>templa</strong></span> <span class='ocrx_word' id='word_1_155' title='bbox 892 3657 1062 3729; x_wconf 82' lang='lat' dir='ltr'><strong>sumptibus,</strong></span> 
     </span>
    </p>
   </div>
   <div class='ocr_carea' id='block_1_8' title="bbox 0 0 1416 4196">
    <p class='ocr_par' dir='ltr' id='par_1_8' title="bbox 0 0 1416 4196">
     <span class='ocr_line' id='line_1_36' title="bbox 0 0 1416 4196; baseline 0 0"><span class='ocrx_word' id='word_1_156' title='bbox 0 0 1416 4196; x_wconf 95' lang='lat' dir='ltr'><strong> </strong></span> 
     </span>
    </p>
   </div>
  </div>
 </body>
</html>
