2824 4196
394 222 608 279 unoeuonovs
633 223 837 267 ParianfflVS.
863 212 912 280 IV,
940 215 965 268 1.
1111 215 1167 270 127

269 408 318 465 Nil
342 425 414 479 opus
439 408 494 464 erit
518 407 627 464 Seiana
650 407 687 464 ad
711 408 951 478 exstinguendam
974 407 1070 467 fidem.

269 502 411 574 Episcopi
434 507 463 559 et
487 502 635 574 sophistae
659 501 828 558 incumbunt
849 501 982 573 fortiter,

197 607 257 662 [1712]
290 597 335 654 Ne
359 596 468 654 Christi
491 595 634 654 beneficia
655 597 779 668 populus
802 597 953 669 intellegat

268 691 309 748 Et
330 708 366 748 nc
390 691 503 762 priseae
526 695 643 748 maneat
665 690 735 748 fidei
758 691 919 749 sinceritas.

268 785 349 842 Haec
373 785 493 842 audiens
517 786 564 841 vix
586 785 682 842 verbis
707 786 789 856 argui
813 785 919 855 trihus,

269 879 326 936 Pro
350 880 443 937 tribus
466 881 508 936 ita
531 880 626 936 verbis
652 885 784 936 sescenta
806 879 869 937 fero
893 880 1024 939 verbera.

610 991 763 1048 Veritas.

266 1085 412 1156 Absterge
434 1085 526 1142 lutum
549 1091 578 1142 et
601 1086 670 1156 quid
693 1090 805 1157 agatur,
831 1086 878 1143 dic
902 1088 1044 1158 apertius!

583 1197 783 1253 Parrhasia.

197 1308 255 1350 2830
270 1290 375 1347 Paucis
399 1291 557 1348 absolvam.
582 1291 722 1362 Episcopi
745 1308 848 1348 munus
872 1309 954 1349 suum

269 1385 417 1457 Linquunt
440 1391 469 1442 et
491 1386 632 1442 militares
656 1386 768 1457 spirant
792 1386 908 1457 glorias

268 1479 470 1537 Pammachius
492 1481 666 1551 praesertim
688 1480 847 1550 impietatis
871 1481 978 1538 artifex

269 1575 353 1632 Nova
376 1576 463 1632 etiam
486 1575 578 1646 gignit
602 1575 747 1646 dogmata,
772 1591 876 1632 novam
900 1577 1052 1635 ecclesiam

270 1668 337 1726 Sine
360 1668 417 1726 fide
441 1670 510 1726 solis
532 1669 670 1740 producit
692 1669 885 1739 caerimoniis,

196 1781 254 1823 2835
270 1763 359 1821 Sedet
380 1765 410 1820 in
433 1765 540 1836 templo
565 1765 611 1821 dci
635 1765 717 1820 etin
740 1764 872 1821 humanis
896 1765 1042 1835 cordibus

269 1858 406 1928 Adorari
431 1859 528 1916 timeri
552 1860 670 1930 cupiens
693 1863 726 1914 ut
749 1859 829 1914 deus

244 1945 250 1958 '
269 1953 393 2010 Multum
415 1958 522 2025 potest,
547 1953 599 2010 sed
622 1970 680 2010 non
702 1953 822 2024 propria
843 1954 984 2024 potentia.

269 2047 363 2118 Reges
387 2049 499 2114 timont,
523 2065 576 2120 pro
599 2047 648 2104 illo
673 2047 825 2104 decertant
847 2048 1002 2120 principes.

269 2141 344 2211 Quin
368 2143 456 2200 etiam
478 2142 602 2214 pedihus
627 2141 807 2199 conculcavit
830 2141 986 2200 Caesarem

198 2255 254 2296 asro
269 2237 310 2293 Et
331 2237 458 2294 iuratum
480 2238 510 2294 in
534 2253 615 2293 suam
638 2237 717 2293 illum
739 2236 829 2293 habet
851 2239 1033 2295 sententiam.

269 2331 428 2389 Praeterea
450 2349 526 2388 nova
549 2332 659 2388 creavit
680 2336 777 2388 terrae
800 2333 940 2402 pondera,

271 2425 325 2494 Qui
348 2443 508 2498 pauperum
530 2425 648 2483 fortiter
670 2431 813 2498 exsugant
836 2427 1004 2498 sanguinem

270 2520 327 2577 Pro
351 2538 422 2577 auro
447 2525 624 2592 argentoque
649 2538 700 2576 sua
722 2521 881 2577 vendentes
906 2525 1045 2590 stercora,

270 2613 333 2684 oui,
358 2620 391 2670 ut
414 2615 469 2670 sibi
492 2615 579 2671 modo
602 2615 676 2671 bene
700 2615 738 2670 sit
761 2615 907 2686 multoque
931 2603 1085 2673 abdomine

199 2725 255 2769 2845
271 2709 395 2766 Ventres
420 2709 596 2778 distendant,
620 2709 792 2765 miserorum
814 2709 980 2766 mortalium

271 2803 374 2861 Pravis
398 2803 539 2862 doctrinis
562 2803 713 2860 interitum
735 2803 814 2860 haud
836 2802 947 2860 faciant
968 2805 1028 2876 pili.

609 2913 760 2971 Veritas

271 3007 371 3078 Cessa,
396 3008 527 3078 obsecro,
553 3008 724 3066 Parrhasia!
749 3007 895 3078 Quantum
916 3026 1019 3067 narras
1042 3011 1124 3068 mali!

585 3120 788 3177 Parrhasia.

269 3216 338 3272 Plus
362 3221 407 3272 est
430 3231 514 3288 quam
538 3216 687 3287 quisquam
710 3214 806 3272 verbis
829 3215 924 3287 possit
947 3217 1093 3288 consequi.

198 3320 256 3373 [loa]
290 3311 324 3366 In
347 3326 459 3366 summa
482 3314 587 3379 autem,
612 3309 771 3366 mendaciis
796 3315 862 3366 sunt
886 3311 1021 3382 compita,

197 3423 254 3465 asso
269 3405 397 3476 Templa,
422 3405 486 3462 viae
510 3408 540 3461 et
563 3404 659 3460 omnia
680 3403 774 3474 plena,
804 3421 857 3460 nec
879 3405 983 3460 mirum
1007 3405 1122 3476 quidem

270 3499 312 3556 Te
336 3498 465 3556 absente.
490 3497 599 3554 Vivunt
617 3497 762 3566 homines,
787 3499 868 3568 quasi
893 3499 950 3554 sint
971 3501 1115 3570 perpetim

269 3593 382 3650 Victuri
406 3598 436 3650 et
458 3593 574 3664 impune
597 3608 684 3663 agore
707 3592 794 3648 liceat
817 3594 975 3664 quodlibet.
