2824 4196
282 265 340 322 112
478 281 691 339 2222222222,
716 283 921 328 ramulorum.
947 272 1000 342 ΙΙΙ,
1027 275 1055 329 5.

273 461 381 522 252512
404 459 480 532 quod
502 458 609 515 malum
632 455 765 528 evaserit,
790 459 837 516 hic
861 460 991 517 declarat
1014 461 1085 518 dies

345 557 421 613 Nam
444 570 537 626 pauca
561 552 670 609 Caesar
692 553 760 609 dum
783 554 873 610 voluit
896 554 1053 612 defendere

345 651 408 708 Nec
432 649 605 721 episcopahs
629 664 702 720 quae
725 649 763 704 sit
786 648 858 704 vidit
881 649 1016 720 dignitas,

346 746 438 803 Omne
460 743 613 815 imperium
636 747 664 799 te
687 742 835 799 iudicante
857 743 995 814 perdidit.

344 840 407 896 Nec
429 839 583 909 imperium
605 837 702 905 mode,
727 837 779 894 sed
802 837 899 906 etiam,
924 838 1001 909 quod
1024 839 1116 896 maius
1140 845 1194 909 est,

272 953 330 996 2510
346 933 485 991 Romanis
509 932 620 988 cunctis
644 936 690 988 cst
710 932 841 1002 privat-us
864 932 976 1003 gratiis,

345 1029 385 1086 Et
408 1045 423 1085 2
448 1026 688 1083 Christicolarum
711 1027 821 1082 eiectus
846 1027 1001 1094 consortia,

344 1122 481 1181 Aeternis
505 1121 593 1177 ctiam
616 1120 750 1177 addictus
775 1125 819 1177 est
841 1121 992 1178 incendiis.

343 1217 384 1274 Et
406 1217 468 1273 iure
491 1213 636 1283 fortassis,
660 1213 741 1290 (qnid
764 1215 840 1272 enim
862 1216 937 1272 istuc
961 1212 1138 1291 disputem?)

343 1311 427 1381 Quod
451 1315 518 1366 tunc
543 1313 572 1366 et
594 1326 647 1366 nos
671 1314 700 1366 et
723 1310 817 1380 ipsum
839 1308 914 1380 fugit
937 1309 1105 1366 Caesarem:

269 1425 327 1467 2515
341 1395 459 1463 Etenim
483 1405 507 1461 si
530 1404 672 1473 scivisset,
697 1400 779 1479 (quid
801 1403 897 1460 verbis
922 1408 966 1460 est
989 1401 1094 1480 opus?)

341 1500 574 1571 Haudquaquam
598 1503 675 1555 esset
697 1504 757 1554 tam
780 1515 886 1569 aequas
910 1502 1061 1554 aversatus
1084 1515 1195 1570 preces

340 1594 425 1664 Quod
448 1611 483 1649 ex
506 1593 579 1660 aliis,
604 1597 696 1663 pater,
721 1597 805 1663 potes
830 1609 1015 1664 cognoscere,

341 1689 376 1746 In
399 1687 501 1760 quibus
526 1703 595 1759 erga
618 1692 647 1742 te
670 1687 746 1742 illius
770 1692 815 1743 est
837 1687 1001 1744 humanitas

340 1783 388 1852 Et,
413 1788 446 1839 ut
469 1782 580 1852 opinor,
605 1779 731 1837 facilitas
754 1786 909 1851 perspecta
932 1779 1074 1837 omnibus.

267 1897 325 1938 2522
340 1878 397 1934 Hic
421 1877 522 1934 durior
543 1874 599 1932 fuit
622 1880 651 1932 et
674 1875 782 1932 erravit
804 1875 928 1931 maxime

340 1971 450 2029 Christi
471 1971 502 2025 in
524 1970 610 2026 terris
635 1986 811 2040 exasperans
833 1969 974 2025 vicarium

337 2066 378 2123 Et
401 2065 570 2137 apostolicis
593 2081 652 2121 non
674 2064 804 2121 adnuens
828 2063 989 2120 conatibus.

337 2160 461 2218 Factum
482 2157 592 2215 fatetur
615 2163 644 2215 et
666 2156 771 2214 fecisse
793 2159 924 2229 paenitet

336 2255 438 2326 Neque
461 2258 574 2310 tantum
597 2269 726 2309 errorem
750 2269 813 2310 2222
835 2257 928 2324 putat,
952 2258 985 2309 ut
1007 2253 1169 2310 sentcntiae

263 2368 320 2410 2525
336 2349 408 2406 Tam
429 2346 563 2404 horribili
586 2346 736 2402 subiaceat
758 2363 812 2403 nec
835 2347 942 2403 dimitti
965 2351 1060 2419 queat.

335 2442 405 2512 Quis
433 2441 509 2498 enim
537 2445 582 2498 est
610 2441 770 2510 hominum,
800 2441 848 2513 qui
875 2459 933 2498 non
959 2447 1075 2512 peccet,
1105 2442 1152 2513 qui
1180 2460 1243 2500 non

577 2593 579 2596 .
774 2595 776 2600 ,
876 2535 956 2592 ruat!

263 2641 320 2694 [rra]
344 2630 453 2687 Errare
477 2646 494 2687 2
516 2630 600 2686 vulva
624 2629 687 2701 ipsa
710 2634 847 2701 agnatum
871 2635 915 2686 est
937 2631 1116 2688 mortalibus.

331 2725 407 2782 Boni
429 2729 528 2781 tamen
549 2724 725 2796 resipiscunt
747 2725 935 2796 paenitentia,

333 2819 404 2876 Cum
428 2819 518 2875 ceteri
541 2819 600 2874 suis
623 2823 746 2889 pereant
769 2819 925 2875 erroribus

260 2931 318 2973 2522
334 2915 430 2982 Quare
454 2913 542 2970 etiam
566 2912 675 2969 Caesar
697 2913 762 2980 huc,
786 2911 954 2969 beatissime
977 2918 1069 2984 pater,

330 3008 377 3064 Ad
400 3012 429 3064 te
453 3007 574 3078 supplex
596 3007 675 3062 venit
697 3011 883 3078 peccatorum
906 3012 1008 3078 petens

329 3102 540 3158 Remissionem
565 3106 594 3157 et
617 3101 730 3158 veniam
753 3105 782 3157 et
805 3117 836 3158 22
859 3106 952 3158 totum
975 3101 1029 3158 tibi

329 3195 490 3265 SubicicnS,
515 3201 546 3252 ut
570 3196 720 3252 decretum
742 3200 885 3252 retractes
909 3201 990 3254 tuum

328 3290 459 3362 Eumque
482 3292 513 3346 in
534 3290 658 3361 pristino
682 3307 798 3347 manere
823 3291 900 3348 sinas
914 3292 1024 3366 gradu,

255 3385 362 3444 253512
385 3402 469 3456 quem
492 3384 570 3441 haud
594 3383 708 3441 dubitat
732 3401 762 3441 se
787 3386 975 3443 constitutum
998 3405 1061 3446 csse
1085 3405 1102 3446 2
1125 3389 1192 3449 deo.

328 3479 368 3535 Et
391 3480 416 3535 si
439 3479 508 3550 quid
531 3496 656 3550 unquam
679 3478 733 3535 tibi
757 3481 901 3536 concessit
925 3483 1045 3552 gratiae,

328 3573 358 3630 Si
382 3573 451 3644 quid
475 3573 522 3630 dei
546 3574 703 3644 opitulatus
728 3579 772 3631 est
796 3575 945 3644 ecclesiae,

325 3667 360 3724 Id
383 3668 489 3738 repetit
513 3666 656 3724 beneficii.
681 3667 743 3725 Nec
766 3685 832 3740 spes
857 3669 932 3726 enim
955 3670 1044 3730 habet
1067 3677 1143 3734 mala
