2824 4196
264 219 302 276 66
468 229 682 290 nicenorum,
705 203 911 276 Paunnourhs.
937 220 974 289 ΙΙ,
1000 222 1028 277 4.

331 407 388 464 Pro
413 423 444 464 se
468 406 565 464 dicere
589 406 658 476 vult,
683 407 812 479 quamvis
836 407 907 465 alias
932 408 1079 480 eloquens

332 500 419 576 (Nam
442 499 581 573 singulari
605 506 650 558 est
671 500 823 572 praeditus
845 499 1002 579 modestia)

332 597 377 654 Ne
400 595 465 667 plus
489 595 577 664 dicat,
603 612 688 668 quam
710 597 805 667 possit
826 600 988 667 praestare,
1016 597 1194 658 autminus.

666 714 828 772 Satanae.

333 811 404 868 Istic
426 811 545 868 hercule
567 809 640 866 nihil
663 827 735 881 opus
760 815 804 866 551
826 811 981 868 modestia.

261 904 506 977 14151111551551;
531 904 610 962 dieat
633 905 761 976 quisque,
786 910 924 976 quantum
949 905 1076 964 conlibet

332 1001 372 1057 Et
395 999 476 1072 quid,
500 1015 568 1056 uam
589 999 711 1056 libertas
734 999 812 1070 apud
835 1017 880 1057 me
903 999 1030 1058 maxima
1053 1007 1108 1070 est,

331 1095 372 1152 Et
394 1111 494 1152 verum
516 1093 614 1150 dicere
639 1098 800 1151 extremum
823 1099 868 1150 est
890 1095 1045 1166 piaculum.

632 1213 864 1286 Porphyrius.

333 1319 389 1376 Hic
412 1323 457 1375 est
479 1317 523 1374 vir
545 1318 602 1386 ille,
627 1317 675 1390 qui
697 1334 788 1389 regno
813 1317 922 1374 dudum
949 1317 1070 1375 abstulit

333 1414 466 1485 Opimam
488 1412 637 1484 praedam,
662 1427 766 1483 nempe
790 1411 957 1482 Caesarem,
981 1418 1087 1484 potens

262 1509 367 1568 1155111
389 1507 550 1578 scriptorio,
575 1507 659 1578 nugis
682 1506 773 1563 multo
796 1507 955 1578 potentior,

333 1602 466 1659 Avaritia
489 1606 611 1670 tumens,
637 1600 740 1658 morbo
763 1600 818 1657 tibi
841 1600 959 1672 placito,
985 1606 1023 1658 et·

333 1696 476 1768 Superbia
500 1695 615 1753 dederit
639 1695 782 1752 secundas
805 1695 922 1764 nemini,

334 1792 488 1863 Impietate
513 1791 656 1862 egregius.
682 1789 782 1846 Audet
804 1789 943 1846 resistere

333 1887 387 1944 Vel
409 1885 465 1957 ipsi
489 1883 607 1942 Christo
631 1885 684 1952 vel,
710 1883 849 1956 quidquid
871 1884 1022 1955 potentiae

263 2000 319 2041 1455
334 1980 516 2037 Adversatur
538 1978 593 2035 tibi
616 1979 730 2050 tuisque
758 1978 927 2036 commodis

334 2076 390 2132 Hic
412 2075 457 2131 vel
480 2078 573 2130 totam
594 2072 683 2130 fidem
705 2074 786 2130 novit
809 2073 988 2141 subvertere,

336 2171 392 2226 Hic
414 2168 522 2225 mutuis
545 2167 623 2224 valet
646 2168 721 2225 odiis
746 2172 929 2236 connectere,

335 2263 481 2334 Quidquid
502 2263 532 2318 in
557 2259 627 2318 orbe
644 2266 689 2318 est
704 2277 812 2333 regum,
838 2262 942 2318 dueum
959 2266 1045 2333 atque
1065 2261 1238 2333 principum.

335 2358 411 2414 Huic
433 2357 563 2426 mandeS,
588 2355 612 2412 si
636 2354 705 2428 quid
728 2361 808 2412 recte
833 2361 966 2412 curatum
988 2355 1069 2412 velis.

265 2471 321 2514 1460
336 2452 377 2509 Et
398 2457 431 2508 ut
455 2451 634 2520 concludam,
658 2451 751 2507 virum
774 2449 866 2506 habes
890 2466 926 2507 ex
950 2450 1103 2506 sententia.

335 2547 418 2604 Haec
440 2563 485 2603 me
508 2546 594 2603 iussit
616 2545 703 2617 loqui,
727 2549 760 2600 ut
783 2561 814 2602 se
839 2544 1038 2601 commendem
1061 2543 1124 2601 tibi.

266 2653 332 2706 [rub]
355 2643 419 2714 Ego
443 2641 522 2698 haud
544 2641 665 2697 multum
689 2638 800 2696 differo.

672 2758 831 2815 Satanas.

596 2844 597 2847 '
753 2851 930 2923 Graphicum
952 2850 1059 2920 hercle,
1085 2851 1242 2922 Porphyri,

336 2951 447 3008 Narras
471 2948 571 3006 virum.
596 2947 645 3016 Et,
670 2964 686 3004 o
711 2947 808 3016 duoeS,
832 2945 976 3017 principia
1001 2944 1111 3002 habent
1132 2943 1217 3002 bene.

337 3046 435 3116 Auget
456 3042 574 3100 fortuna
597 3042 724 3098 animum
747 3045 777 3097 51
800 3040 960 3097 succedunt
983 3039 1088 3096 omnia.

267 3158 323 3199 1465
339 3138 478 3208 Quotiens
502 3137 578 3194 enim
602 3137 700 3206 optavi
724 3135 797 3192 tales
820 3134 890 3190 mihi
913 3133 991 3190 viros

336 3232 421 3290 Dari!
445 3231 561 3288 Adsunt
584 3230 696 3286 scilicet
718 3245 783 3286 mea
806 3229 960 3285 clementia

339 3326 464 3384 Inducti.
489 3324 519 3381 Si
542 3324 632 3395 igitur
654 3324 721 3380 talis
746 3340 776 3380 es
799 3322 956 3378 virtutihus

339 3422 516 3491 Tantusque,
542 3419 713 3489 dispeream,
739 3418 764 3473 si
786 3433 845 3473 uon
868 3416 1014 3472 exercitus

339 3516 380 3573 Te
403 3515 493 3572 totius
516 3513 633 3569 iamiam
656 3528 782 3582 posuero
805 3510 975 3581 prinoipem.

268 3629 323 3671 mro
382 3610 441 3667 Vos
464 3609 562 3680 igitur,
588 3605 713 3674 Chremi,
738 3606 836 3674 Plane,
861 3604 1022 3672 Stasiades,
1050 3603 1144 3660 virum
1166 3602 1245 3658 hunc
