2824 4196
370 283 584 343 uaoonosovs
608 275 814 332 enunncmv's.
840 276 877 345 II,
906 277 933 332 l,
1097 279 1137 336 49

277 459 336 518 Sed
358 461 408 518 ubi
430 462 554 533 primum
576 478 656 520 meos
680 455 817 534 quaeram
839 461 984 522 vicarios?

162 573 221 617 1030
237 552 313 625 Quid
336 561 432 628 agant,
458 557 556 625 miror,
581 557 659 629 quod
680 573 739 614 non
761 561 794 614 nt
817 575 931 630 semper
952 560 1093 618 haetenus

237 649 405 708 Cottidiana
428 649 533 708 adme
556 652 638 722 regni
660 655 744 723 gesta
766 651 942 732 perferunt.⁸

160 772 232 827 [naa]
575 762 727 819 Veritas.

234 855 474 930 Quandoquidem
496 857 572 914 istuc
595 856 712 915 Christo
734 859 839 930 placet,
865 860 1029 930 Parrhesia,

236 951 381 1009 Conleotis
405 951 522 1024 spelaea
545 951 698 1009 subeamus
721 955 852 1022 sarcinis

236 1045 339 1116 Quoad
361 1047 465 1104 melior
486 1047 641 1118 spiraverit
663 1063 743 1104 aura.
768 1048 816 1104 Nil
838 1066 945 1107 moror.

162 1160 221 1203 1035
236 1142 350 1216 Regnet
372 1139 496 1215 Satanas
519 1141 582 1198 late.
600 1141 631 1198 in
653 1158 735 1198 suum
758 1142 850 1214 ipsius
872 1145 987 1202 malum.
1077 1163 1080 1168 ·

235 1237 375 1295 Fortasse
399 1236 468 1294 olim
490 1253 592 1313 rursus
615 1235 854 1295 desiderabimur.

237 1399 238 1403 ,
553 1348 753 1407 Parrhesiu.

235 1445 301 1502 Nisi
323 1460 444 1516 prorsus
467 1460 514 1500 res
538 1443 608 1502 deus
632 1444 772 1502 humanas
796 1450 926 1503 sternere
949 1447 1027 1504 velit.
1075 1463 1077 1469 ⁴

575 1554 727 1612 Veritas.

234 1651 317 1708 Tolle
339 1650 413 1708 haee
435 1655 464 1706 et
487 1649 622 1721 sequere!
647 1649 705 1708 Sed
727 1651 851 1708 videone
874 1651 1032 1712 Satanum?
1064 1671 1065 1676 ¹

550 1752 753 1822 Parrhesia.

992 1843 1021 1900 Is
1045 1849 1097 1901 est.

235 1933 273 1991 Vt
297 1933 444 1990 exsultans
468 1933 630 2004 ingreditur
653 1937 682 1989 et
704 1933 782 1990 solus
806 1928 935 2006 quidem!

314 2101 316 2106 ¹
575 2035 727 2093 Veritas.
789 2029 792 2036 ’

164 2151 222 2192 1040
236 2123 353 2189 Nescio.
379 2129 522 2188 Cedamus
546 2130 587 2187 illi
610 2129 757 2201 paululum
780 2147 796 2188 e
819 2131 865 2190 via

236 2225 299 2283 Neo
322 2230 382 2282 tam
404 2224 522 2282 furiosis
546 2224 722 2282 obsistamus
745 2227 887 2284 motibus!

237 2321 359 2398 Silentio
381 2319 613 2392 praetereamus!

574 2421 732 2480 Satanas.

632 2517 691 2575 Sed
713 2518 829 2577 Veritas

237 2612 314 2670 Ante
338 2628 446 2669 omnes.
471 2612 511 2668 At
533 2628 664 2669 meorum
687 2629 773 2670 cerno
797 2615 949 2673 neminem.

237 2705 293 2775 Ho,
319 2705 443 2776 Veritas,
467 2706 524 2763 alio
547 2723 624 2762 nuno
645 2707 753 2778 migras
776 2706 920 2765 fortisan?

576 2806 729 2867 Veritas.

167 2921 223 2963 1045
238 2903 287 2960 Nil
310 2902 504 2974 respondeas!

573 3005 736 3064 Satanas

523 3099 614 3158 Recto
638 3102 713 3158 istuo
737 3103 856 3174 cogitas

237 3194 314 3264 Quid
337 3195 413 3252 enim
436 3200 467 3252 tu
490 3195 537 3252 hie
559 3194 650 3253 facias
674 3213 719 3254 me
742 3197 903 3269 imperante
928 3217 990 3256 oum
1014 3202 1096 3270 meis

238 3289 303 3358 Vbi,
329 3289 444 3346 etiamsi
467 3289 535 3362 quid
559 3290 667 3347 dixeris
691 3291 861 3361 rectissime,

239 3382 429 3455 Obtemperat
452 3381 557 3441 nemo?

554 3486 754 3545 Parrhesia.
803 3528 805 3532 .

588 3581 675 3639 Haud
697 3587 878 3654 propterte,
903 3585 1037 3656 pessime,

239 3673 370 3744 abimus,
395 3675 448 3732 sed
470 3673 579 3732 Christi
601 3681 736 3748 paremus
759 3678 859 3734 iussui.

208 3780 248 3812 Lat.
260 3779 438 3813 thteraturdenlrm.
449 3779 466 3812 3.
971 3778 988 3829 4
