<?xml version="1.0" encoding="UTF-8"?>
<!DOCTYPE html PUBLIC "-//W3C//DTD XHTML 1.0 Transitional//EN"
    "http://www.w3.org/TR/xhtml1/DTD/xhtml1-transitional.dtd">
<html xmlns="http://www.w3.org/1999/xhtml" xml:lang="en" lang="en">
 <head>
  <title>
</title>
<meta http-equiv="Content-Type" content="text/html;charset=utf-8" />
  <meta name='ocr-system' content='tesseract 3.04.00' />
  <meta name='ocr-capabilities' content='ocr_page ocr_carea ocr_par ocr_line ocrx_word'/>
</head>
<body>
  <div class='ocr_page' id='page_1' title='image "./pammachius00boltgoog_0185.png"; bbox 0 0 2824 4196; ppageno 0'>
   <div class='ocr_carea' id='block_1_1' title="bbox 384 287 1154 356">
    <p class='ocr_par' dir='ltr' id='par_1_1' title="bbox 384 287 1154 356">
     <span class='ocr_line' id='line_1_1' title="bbox 384 287 1154 356; baseline 0.001 -14"><span class='ocrx_word' id='word_1_1' title='bbox 384 297 595 355; x_wconf 74' lang='grc'><strong>3333333333,</strong></span> <span class='ocrx_word' id='word_1_2' title='bbox 617 297 822 342; x_wconf 73' lang='grc'><strong>3333333333.</strong></span> <span class='ocrx_word' id='word_1_3' title='bbox 846 287 895 356; x_wconf 88' lang='lat' dir='ltr'>IV,</span> <span class='ocrx_word' id='word_1_4' title='bbox 921 287 948 343; x_wconf 87' lang='lat'>5.</span> <span class='ocrx_word' id='word_1_5' title='bbox 1098 287 1154 344; x_wconf 79' lang='grc'>149</span> 
     </span>
    </p>
   </div>
   <div class='ocr_carea' id='block_1_2' title="bbox 255 472 748 635">
    <p class='ocr_par' dir='ltr' id='par_1_2' title="bbox 255 472 748 635">
     <span class='ocr_line' id='line_1_2' title="bbox 589 472 748 530; baseline -0.006 -1"><span class='ocrx_word' id='word_1_6' title='bbox 589 472 748 530; x_wconf 82' lang='lat' dir='ltr'>Satanas.</span> 
     </span>
     <span class='ocr_line' id='line_1_3' title="bbox 255 567 606 635; baseline -0.003 -12"><span class='ocrx_word' id='word_1_7' title='bbox 255 567 387 624; x_wconf 92' lang='lat' dir='ltr'>Pulchre.</span> <span class='ocrx_word' id='word_1_8' title='bbox 412 567 476 635; x_wconf 90' lang='lat' dir='ltr'>Dic,</span> <span class='ocrx_word' id='word_1_9' title='bbox 502 567 606 623; x_wconf 80' lang='lat' dir='ltr'>Plane!</span> 
     </span>
    </p>
   </div>
   <div class='ocr_carea' id='block_1_3' title="bbox 178 678 1036 1408">
    <p class='ocr_par' dir='ltr' id='par_1_3' title="bbox 532 678 981 844">
     <span class='ocr_line' id='line_1_4' title="bbox 532 678 981 758; baseline 0 -24"><span class='ocrx_word' id='word_1_10' title='bbox 532 691 534 695; x_wconf 78' lang='grc'>’</span> <span class='ocrx_word' id='word_1_11' title='bbox 598 678 740 735; x_wconf 77' lang='lat' dir='ltr'>Planus,</span> <span class='ocrx_word' id='word_1_12' title='bbox 980 755 981 758; x_wconf 7' lang='grc' dir='ltr'><strong>Ἴ</strong></span> 
     </span>
     <span class='ocr_line' id='line_1_5' title="bbox 562 771 938 844; baseline 0.005 -16"><span class='ocrx_word' id='word_1_13' title='bbox 562 771 635 828; x_wconf 91' lang='lat' dir='ltr'>Mihi</span> <span class='ocrx_word' id='word_1_14' title='bbox 659 772 774 828; x_wconf 86' lang='lat' dir='ltr'>videtur</span> <span class='ocrx_word' id='word_1_15' title='bbox 798 773 938 844; x_wconf 90' lang='lat' dir='ltr'>optimum</span> 
     </span>
    </p>

    <p class='ocr_par' dir='ltr' id='par_1_4' title="bbox 180 864 989 1313">
     <span class='ocr_line' id='line_1_6' title="bbox 180 864 989 936; baseline -0.001 -12"><span class='ocrx_word' id='word_1_16' title='bbox 180 883 238 924; x_wconf 78' lang='lat'><strong>3320</strong></span> <span class='ocrx_word' id='word_1_17' title='bbox 254 864 372 933; x_wconf 83' lang='lat' dir='ltr'>Oura-re,</span> <span class='ocrx_word' id='word_1_18' title='bbox 397 883 432 922; x_wconf 91' lang='lat' dir='ltr'>ne</span> <span class='ocrx_word' id='word_1_19' title='bbox 455 866 497 922; x_wconf 91' lang='lat' dir='ltr'>illi</span> <span class='ocrx_word' id='word_1_20' title='bbox 520 866 597 922; x_wconf 90' lang='lat' dir='ltr'>inter</span> <span class='ocrx_word' id='word_1_21' title='bbox 619 883 651 922; x_wconf 91' lang='lat' dir='ltr'>se</span> <span class='ocrx_word' id='word_1_22' title='bbox 674 867 824 923; x_wconf 91' lang='lat' dir='ltr'>unanimes</span> <span class='ocrx_word' id='word_1_23' title='bbox 849 867 907 922; x_wconf 89' lang='lat' dir='ltr'>sint</span> <span class='ocrx_word' id='word_1_24' title='bbox 932 867 989 936; x_wconf 86' lang='lat' dir='ltr'>diu,</span> 
     </span>
     <span class='ocr_line' id='line_1_7' title="bbox 254 959 907 1032; baseline 0.002 -17"><span class='ocrx_word' id='word_1_25' title='bbox 254 959 311 1016; x_wconf 87' lang='lat' dir='ltr'>Sed</span> <span class='ocrx_word' id='word_1_26' title='bbox 334 961 411 1016; x_wconf 87' lang='lat' dir='ltr'>inter</span> <span class='ocrx_word' id='word_1_27' title='bbox 433 977 498 1017; x_wconf 89' lang='lat' dir='ltr'>sese</span> <span class='ocrx_word' id='word_1_28' title='bbox 520 965 650 1032; x_wconf 80' lang='lat' dir='ltr'><strong>pugnent</strong></span> <span class='ocrx_word' id='word_1_29' title='bbox 673 965 702 1016; x_wconf 88' lang='lat' dir='ltr'>et</span> <span class='ocrx_word' id='word_1_30' title='bbox 725 960 907 1018; x_wconf 83' lang='lat' dir='ltr'><strong>dissentiant.</strong></span> 
     </span>
     <span class='ocr_line' id='line_1_8' title="bbox 252 1052 846 1126; baseline 0.002 -16"><span class='ocrx_word' id='word_1_31' title='bbox 252 1052 380 1110; x_wconf 83' lang='lat' dir='ltr'>Subinde</span> <span class='ocrx_word' id='word_1_32' title='bbox 404 1058 433 1110; x_wconf 92' lang='lat' dir='ltr'>et</span> <span class='ocrx_word' id='word_1_33' title='bbox 456 1054 514 1110; x_wconf 91' lang='lat' dir='ltr'>alia</span> <span class='ocrx_word' id='word_1_34' title='bbox 537 1053 684 1112; x_wconf 79' lang='lat' dir='ltr'>suscitabo</span> <span class='ocrx_word' id='word_1_35' title='bbox 709 1054 846 1126; x_wconf 81' lang='lat' dir='ltr'>dogmata</span> 
     </span>
     <span class='ocr_line' id='line_1_9' title="bbox 251 1147 970 1219; baseline 0.001 -16"><span class='ocrx_word' id='word_1_36' title='bbox 251 1147 351 1219; x_wconf 89' lang='lat' dir='ltr'>Longe</span> <span class='ocrx_word' id='word_1_37' title='bbox 374 1149 476 1219; x_wconf 86' lang='lat' dir='ltr'>peiora</span> <span class='ocrx_word' id='word_1_38' title='bbox 498 1149 571 1216; x_wconf 83' lang='lat' dir='ltr'>istis,</span> <span class='ocrx_word' id='word_1_39' title='bbox 597 1149 679 1219; x_wconf 86' lang='lat' dir='ltr'>quasi</span> <span class='ocrx_word' id='word_1_40' title='bbox 702 1153 800 1204; x_wconf 87' lang='lat' dir='ltr'>tamen</span> <span class='ocrx_word' id='word_1_41' title='bbox 823 1153 888 1206; x_wconf 84' lang='lat' dir='ltr'>orta</span> <span class='ocrx_word' id='word_1_42' title='bbox 911 1149 970 1205; x_wconf 86' lang='lat' dir='ltr'>sint</span> 
     </span>
     <span class='ocr_line' id='line_1_10' title="bbox 251 1241 907 1313; baseline 0.002 -15"><span class='ocrx_word' id='word_1_43' title='bbox 251 1241 297 1298; x_wconf 86' lang='lat' dir='ltr'>Ex</span> <span class='ocrx_word' id='word_1_44' title='bbox 320 1243 374 1311; x_wconf 80' lang='lat' dir='ltr'>hie,</span> <span class='ocrx_word' id='word_1_45' title='bbox 398 1243 482 1298; x_wconf 88' lang='lat' dir='ltr'>utin</span> <span class='ocrx_word' id='word_1_46' title='bbox 504 1241 611 1313; x_wconf 80' lang='lat' dir='ltr'>popelli</span> <span class='ocrx_word' id='word_1_47' title='bbox 634 1243 786 1312; x_wconf 82' lang='lat' dir='ltr'>rapiantur</span> <span class='ocrx_word' id='word_1_48' title='bbox 809 1243 907 1299; x_wconf 93' lang='lat' dir='ltr'>odium</span> 
     </span>
    </p>

    <p class='ocr_par' dir='ltr' id='par_1_5' title="bbox 178 1335 1036 1408">
     <span class='ocr_line' id='line_1_11' title="bbox 178 1335 1036 1408; baseline -0.002 -14"><span class='ocrx_word' id='word_1_49' title='bbox 178 1352 237 1396; x_wconf 78' lang='lat'><strong>3325</strong></span> <span class='ocrx_word' id='word_1_50' title='bbox 252 1336 401 1408; x_wconf 89' lang='lat' dir='ltr'>Nobisque</span> <span class='ocrx_word' id='word_1_51' title='bbox 425 1337 463 1392; x_wconf 88' lang='lat' dir='ltr'>ad</span> <span class='ocrx_word' id='word_1_52' title='bbox 486 1337 709 1407; x_wconf 83' lang='lat' dir='ltr'>expugnandum</span> <span class='ocrx_word' id='word_1_53' title='bbox 732 1336 829 1393; x_wconf 87' lang='lat' dir='ltr'>aditus</span> <span class='ocrx_word' id='word_1_54' title='bbox 853 1337 891 1393; x_wconf 88' lang='lat' dir='ltr'>sit</span> <span class='ocrx_word' id='word_1_55' title='bbox 913 1335 1036 1394; x_wconf 82' lang='lat' dir='ltr'>facilior.</span> 
     </span>
    </p>
   </div>
   <div class='ocr_carea' id='block_1_4' title="bbox 253 1453 746 1616">
    <p class='ocr_par' dir='ltr' id='par_1_6' title="bbox 253 1453 746 1616">
     <span class='ocr_line' id='line_1_12' title="bbox 587 1453 746 1511; baseline 0 -1"><span class='ocrx_word' id='word_1_56' title='bbox 587 1453 746 1511; x_wconf 89' lang='lat' dir='ltr'>Satanas.</span> 
     </span>
     <span class='ocr_line' id='line_1_13' title="bbox 253 1547 621 1616; baseline 0 -12"><span class='ocrx_word' id='word_1_57' title='bbox 253 1549 342 1605; x_wconf 91' lang='lat' dir='ltr'>Belle.</span> <span class='ocrx_word' id='word_1_58' title='bbox 367 1547 432 1616; x_wconf 84' lang='lat' dir='ltr'>Dic,</span> <span class='ocrx_word' id='word_1_59' title='bbox 457 1547 621 1604; x_wconf 84' lang='lat' dir='ltr'>Stasiades!</span> 
     </span>
    </p>
   </div>
   <div class='ocr_carea' id='block_1_5' title="bbox 174 1659 1086 2860">
    <p class='ocr_par' dir='ltr' id='par_1_7' title="bbox 174 1659 1086 2860">
     <span class='ocr_line' id='line_1_14' title="bbox 568 1659 765 1718; baseline -0.01 -1"><span class='ocrx_word' id='word_1_60' title='bbox 568 1659 765 1718; x_wconf 86' lang='lat' dir='ltr'>Stasiades.</span> 
     </span>
     <span class='ocr_line' id='line_1_15' title="bbox 692 1754 1086 1827; baseline 0.008 -18"><span class='ocrx_word' id='word_1_61' title='bbox 692 1754 739 1823; x_wconf 86' lang='lat' dir='ltr'>Vt,</span> <span class='ocrx_word' id='word_1_62' title='bbox 763 1755 907 1826; x_wconf 83' lang='lat' dir='ltr'>princeps,</span> <span class='ocrx_word' id='word_1_63' title='bbox 933 1755 1086 1827; x_wconf 86' lang='lat' dir='ltr'>dogmatis,</span> 
     </span>
     <span class='ocr_line' id='line_1_16' title="bbox 251 1847 897 1919; baseline 0.002 -15"><span class='ocrx_word' id='word_1_64' title='bbox 251 1847 332 1917; x_wconf 79' lang='lat' dir='ltr'>Quae</span> <span class='ocrx_word' id='word_1_65' title='bbox 355 1849 384 1904; x_wconf 90' lang='lat' dir='ltr'>in</span> <span class='ocrx_word' id='word_1_66' title='bbox 407 1853 530 1919; x_wconf 88' lang='lat' dir='ltr'>papatus</span> <span class='ocrx_word' id='word_1_67' title='bbox 554 1849 674 1906; x_wconf 88' lang='lat' dir='ltr'>exitium</span> <span class='ocrx_word' id='word_1_68' title='bbox 698 1854 800 1906; x_wconf 89' lang='lat' dir='ltr'>coorta</span> <span class='ocrx_word' id='word_1_69' title='bbox 823 1854 897 1918; x_wconf 83' lang='lat' dir='ltr'>sunt,</span> 
     </span>
     <span class='ocr_line' id='line_1_17' title="bbox 251 1941 936 2014; baseline 0 -16"><span class='ocrx_word' id='word_1_70' title='bbox 251 1942 348 1999; x_wconf 86' lang='lat' dir='ltr'>Minus</span> <span class='ocrx_word' id='word_1_71' title='bbox 373 1943 567 2014; x_wconf 89' lang='lat' dir='ltr'>applaudatur</span> <span class='ocrx_word' id='word_1_72' title='bbox 590 1949 617 1999; x_wconf 85' lang='lat' dir='ltr'>et</span> <span class='ocrx_word' id='word_1_73' title='bbox 641 1941 749 1999; x_wconf 88' lang='lat' dir='ltr'>favoris</span> <span class='ocrx_word' id='word_1_74' title='bbox 774 1943 812 1998; x_wconf 91' lang='lat' dir='ltr'>sit</span> <span class='ocrx_word' id='word_1_75' title='bbox 834 1943 936 2012; x_wconf 87' lang='lat' dir='ltr'>minus,</span> 
     </span>
     <span class='ocr_line' id='line_1_18' title="bbox 252 2036 1040 2106; baseline 0 -14"><span class='ocrx_word' id='word_1_76' title='bbox 252 2036 372 2092; x_wconf 89' lang='lat' dir='ltr'>Omnem</span> <span class='ocrx_word' id='word_1_77' title='bbox 396 2053 432 2093; x_wconf 86' lang='lat' dir='ltr'>ex</span> <span class='ocrx_word' id='word_1_78' title='bbox 454 2036 526 2092; x_wconf 90' lang='lat' dir='ltr'>Asia</span> <span class='ocrx_word' id='word_1_79' title='bbox 550 2037 702 2093; x_wconf 86' lang='lat' dir='ltr'>traducam</span> <span class='ocrx_word' id='word_1_80' title='bbox 725 2054 792 2093; x_wconf 88' lang='lat' dir='ltr'>mox</span> <span class='ocrx_word' id='word_1_81' title='bbox 815 2038 983 2106; x_wconf 85' lang='lat' dir='ltr'>exercitum,</span> <span class='ocrx_word' id='word_1_82' title='bbox 1008 2041 1040 2093; x_wconf 92' lang='lat' dir='ltr'>ut</span> 
     </span>
     <span class='ocr_line' id='line_1_19' title="bbox 178 2129 849 2202; baseline -0.004 -13"><span class='ocrx_word' id='word_1_83' title='bbox 178 2147 235 2189; x_wconf 88' lang='lat'><strong>3330</strong></span> <span class='ocrx_word' id='word_1_84' title='bbox 251 2129 309 2186; x_wconf 85' lang='lat' dir='ltr'>Sub</span> <span class='ocrx_word' id='word_1_85' title='bbox 333 2130 409 2186; x_wconf 93' lang='lat' dir='ltr'>illius</span> <span class='ocrx_word' id='word_1_86' title='bbox 431 2134 587 2200; x_wconf 87' lang='lat' dir='ltr'>praetextu</span> <span class='ocrx_word' id='word_1_87' title='bbox 610 2131 760 2186; x_wconf 89' lang='lat' dir='ltr'>doctrinae</span> <span class='ocrx_word' id='word_1_88' title='bbox 783 2131 849 2202; x_wconf 86' lang='lat' dir='ltr'>vagi</span> 
     </span>
     <span class='ocr_line' id='line_1_20' title="bbox 179 2225 888 2287; baseline 0.008 -11"><span class='ocrx_word' id='word_1_89' title='bbox 179 2234 245 2287; x_wconf 78' lang='grc'><strong>[333]</strong></span> <span class='ocrx_word' id='word_1_90' title='bbox 274 2225 321 2280; x_wconf 89' lang='lat' dir='ltr'>Ad</span> <span class='ocrx_word' id='word_1_91' title='bbox 345 2225 504 2281; x_wconf 82' lang='lat' dir='ltr'>seditiones</span> <span class='ocrx_word' id='word_1_92' title='bbox 529 2230 765 2281; x_wconf 87' lang='lat' dir='ltr'>commoveantur</span> <span class='ocrx_word' id='word_1_93' title='bbox 786 2225 888 2282; x_wconf 87' lang='lat' dir='ltr'>rustici</span> 
     </span>
     <span class='ocr_line' id='line_1_21' title="bbox 250 2318 1007 2391; baseline 0 -15"><span class='ocrx_word' id='word_1_94' title='bbox 250 2318 442 2376; x_wconf 85' lang='lat' dir='ltr'>Dominarum</span> <span class='ocrx_word' id='word_1_95' title='bbox 465 2335 552 2390; x_wconf 89' lang='lat' dir='ltr'>gravo</span> <span class='ocrx_word' id='word_1_96' title='bbox 577 2323 714 2375; x_wconf 90' lang='lat' dir='ltr'>conantes</span> <span class='ocrx_word' id='word_1_97' title='bbox 738 2324 874 2376; x_wconf 86' lang='lat' dir='ltr'>excutere</span> <span class='ocrx_word' id='word_1_98' title='bbox 902 2320 1007 2391; x_wconf 90' lang='lat' dir='ltr'>iugum.</span> 
     </span>
     <span class='ocr_line' id='line_1_22' title="bbox 248 2412 1024 2485; baseline 0.001 -16"><span class='ocrx_word' id='word_1_99' title='bbox 248 2412 332 2482; x_wconf 76' lang='lat' dir='ltr'>Quod</span> <span class='ocrx_word' id='word_1_100' title='bbox 356 2413 469 2470; x_wconf 89' lang='lat' dir='ltr'>cordati</span> <span class='ocrx_word' id='word_1_101' title='bbox 492 2412 624 2469; x_wconf 87' lang='lat' dir='ltr'>videntes</span> <span class='ocrx_word' id='word_1_102' title='bbox 647 2413 787 2482; x_wconf 89' lang='lat' dir='ltr'>homines,</span> <span class='ocrx_word' id='word_1_103' title='bbox 813 2414 860 2485; x_wconf 91' lang='lat' dir='ltr'>qui</span> <span class='ocrx_word' id='word_1_104' title='bbox 884 2414 1024 2470; x_wconf 88' lang='lat' dir='ltr'>hactenus</span> 
     </span>
     <span class='ocr_line' id='line_1_23' title="bbox 248 2506 955 2580; baseline 0.003 -18"><span class='ocrx_word' id='word_1_105' title='bbox 248 2506 373 2564; x_wconf 88' lang='lat' dir='ltr'>Pacifico</span> <span class='ocrx_word' id='word_1_106' title='bbox 397 2512 519 2578; x_wconf 87' lang='lat' dir='ltr'>egerunt</span> <span class='ocrx_word' id='word_1_107' title='bbox 541 2507 593 2564; x_wconf 91' lang='lat' dir='ltr'>sub</span> <span class='ocrx_word' id='word_1_108' title='bbox 617 2513 726 2578; x_wconf 88' lang='lat' dir='ltr'>papatu</span> <span class='ocrx_word' id='word_1_109' title='bbox 749 2513 778 2565; x_wconf 86' lang='lat' dir='ltr'>et</span> <span class='ocrx_word' id='word_1_110' title='bbox 802 2509 850 2580; x_wconf 89' lang='lat' dir='ltr'>qui</span> <span class='ocrx_word' id='word_1_111' title='bbox 872 2509 955 2564; x_wconf 89' lang='lat' dir='ltr'>novis</span> 
     </span>
     <span class='ocr_line' id='line_1_24' title="bbox 174 2600 980 2672; baseline 0 -14"><span class='ocrx_word' id='word_1_112' title='bbox 174 2616 231 2658; x_wconf 86' lang='lat'><strong>3333</strong></span> <span class='ocrx_word' id='word_1_113' title='bbox 247 2600 313 2656; x_wconf 88' lang='lat' dir='ltr'>Nou</span> <span class='ocrx_word' id='word_1_114' title='bbox 335 2601 463 2672; x_wconf 80' lang='lat' dir='ltr'>gaudent</span> <span class='ocrx_word' id='word_1_115' title='bbox 485 2600 572 2657; x_wconf 90' lang='lat' dir='ltr'>rebus</span> <span class='ocrx_word' id='word_1_116' title='bbox 596 2602 778 2672; x_wconf 86' lang='lat' dir='ltr'>quantumvis</span> <span class='ocrx_word' id='word_1_117' title='bbox 802 2602 980 2671; x_wconf 77' lang='lat' dir='ltr'>melioribuS,</span> 
     </span>
     <span class='ocr_line' id='line_1_25' title="bbox 249 2692 930 2766; baseline 0.004 -17"><span class='ocrx_word' id='word_1_118' title='bbox 249 2692 502 2751; x_wconf 82' lang='lat' dir='ltr'>Abominabuntur</span> <span class='ocrx_word' id='word_1_119' title='bbox 524 2711 600 2752; x_wconf 88' lang='lat' dir='ltr'>nova</span> <span class='ocrx_word' id='word_1_120' title='bbox 622 2695 715 2751; x_wconf 88' lang='lat' dir='ltr'>istaec</span> <span class='ocrx_word' id='word_1_121' title='bbox 738 2695 876 2766; x_wconf 87' lang='lat' dir='ltr'>dogmata</span> <span class='ocrx_word' id='word_1_122' title='bbox 901 2700 930 2752; x_wconf 91' lang='lat' dir='ltr'>et</span> 
     </span>
     <span class='ocr_line' id='line_1_26' title="bbox 249 2785 1061 2860; baseline 0.002 -18"><span class='ocrx_word' id='word_1_123' title='bbox 249 2785 405 2844; x_wconf 90' lang='lat' dir='ltr'>Pacificum</span> <span class='ocrx_word' id='word_1_124' title='bbox 427 2792 559 2845; x_wconf 88' lang='lat' dir='ltr'>nostrum</span> <span class='ocrx_word' id='word_1_125' title='bbox 582 2804 703 2859; x_wconf 89' lang='lat' dir='ltr'>regnum</span> <span class='ocrx_word' id='word_1_126' title='bbox 726 2789 938 2860; x_wconf 88' lang='lat' dir='ltr'>amplectentur</span> <span class='ocrx_word' id='word_1_127' title='bbox 959 2789 1061 2860; x_wconf 88' lang='lat' dir='ltr'>magis.</span> 
     </span>
    </p>
   </div>
   <div class='ocr_carea' id='block_1_6' title="bbox 248 2897 743 3059">
    <p class='ocr_par' dir='ltr' id='par_1_8' title="bbox 248 2897 743 3059">
     <span class='ocr_line' id='line_1_27' title="bbox 584 2897 743 2956; baseline 0 -2"><span class='ocrx_word' id='word_1_128' title='bbox 584 2897 743 2956; x_wconf 80' lang='lat' dir='ltr'>Satanae.</span> 
     </span>
     <span class='ocr_line' id='line_1_28' title="bbox 248 2989 581 3059; baseline 0 -13"><span class='ocrx_word' id='word_1_129' title='bbox 248 2989 337 3047; x_wconf 90' lang='lat' dir='ltr'>Bene.</span> <span class='ocrx_word' id='word_1_130' title='bbox 361 2990 425 3059; x_wconf 87' lang='lat' dir='ltr'>Dic,</span> <span class='ocrx_word' id='word_1_131' title='bbox 451 2990 581 3050; x_wconf 83' lang='lat' dir='ltr'>Chremi!</span> 
     </span>
    </p>
   </div>
   <div class='ocr_carea' id='block_1_7' title="bbox 174 3101 1036 3738">
    <p class='ocr_par' dir='ltr' id='par_1_9' title="bbox 174 3101 1036 3738">
     <span class='ocr_line' id='line_1_29' title="bbox 567 3101 759 3160; baseline 0 -2"><span class='ocrx_word' id='word_1_132' title='bbox 567 3101 759 3160; x_wconf 84' lang='lat' dir='ltr'>Chremius.</span> 
     </span>
     <span class='ocr_line' id='line_1_30' title="bbox 535 3195 976 3268; baseline 0.007 -17"><span class='ocrx_word' id='word_1_133' title='bbox 535 3195 574 3264; x_wconf 83' lang='lat' dir='ltr'>Si,</span> <span class='ocrx_word' id='word_1_134' title='bbox 598 3197 743 3268; x_wconf 76' lang='lat' dir='ltr'>princepe,</span> <span class='ocrx_word' id='word_1_135' title='bbox 767 3212 832 3252; x_wconf 90' lang='lat' dir='ltr'>mea</span> <span class='ocrx_word' id='word_1_136' title='bbox 855 3213 976 3254; x_wconf 91' lang='lat' dir='ltr'>munera</span> 
     </span>
     <span class='ocr_line' id='line_1_31' title="bbox 248 3288 1011 3360; baseline 0.004 -15"><span class='ocrx_word' id='word_1_137' title='bbox 248 3288 388 3360; x_wconf 87' lang='lat' dir='ltr'>Measque</span> <span class='ocrx_word' id='word_1_138' title='bbox 412 3293 490 3345; x_wconf 87' lang='lat' dir='ltr'>artes</span> <span class='ocrx_word' id='word_1_139' title='bbox 513 3288 587 3346; x_wconf 93' lang='lat' dir='ltr'>bene</span> <span class='ocrx_word' id='word_1_140' title='bbox 610 3291 686 3360; x_wconf 86' lang='lat' dir='ltr'>novi,</span> <span class='ocrx_word' id='word_1_141' title='bbox 711 3290 789 3348; x_wconf 90' lang='lat' dir='ltr'>haud</span> <span class='ocrx_word' id='word_1_142' title='bbox 813 3288 915 3348; x_wconf 88' lang='lat' dir='ltr'>diffido</span> <span class='ocrx_word' id='word_1_143' title='bbox 939 3291 1011 3359; x_wconf 87' lang='lat' dir='ltr'>fore,</span> 
     </span>
     <span class='ocr_line' id='line_1_32' title="bbox 174 3382 975 3452; baseline 0 -10"><span class='ocrx_word' id='word_1_144' title='bbox 174 3400 232 3443; x_wconf 81' lang='grc'><strong>3343</strong></span> <span class='ocrx_word' id='word_1_145' title='bbox 249 3382 324 3452; x_wconf 77' lang='lat' dir='ltr'>Quin</span> <span class='ocrx_word' id='word_1_146' title='bbox 346 3383 429 3440; x_wconf 91' lang='lat' dir='ltr'>multi</span> <span class='ocrx_word' id='word_1_147' title='bbox 451 3383 481 3439; x_wconf 91' lang='lat' dir='ltr'>in</span> <span class='ocrx_word' id='word_1_148' title='bbox 504 3387 605 3441; x_wconf 89' lang='lat' dir='ltr'>nostra</span> <span class='ocrx_word' id='word_1_149' title='bbox 628 3390 766 3442; x_wconf 88' lang='lat' dir='ltr'>maneant</span> <span class='ocrx_word' id='word_1_150' title='bbox 788 3383 975 3442; x_wconf 88' lang='lat' dir='ltr'>observantia</span> 
     </span>
     <span class='ocr_line' id='line_1_33' title="bbox 247 3476 789 3550; baseline 0 -17"><span class='ocrx_word' id='word_1_151' title='bbox 247 3476 382 3534; x_wconf 88' lang='lat' dir='ltr'>Pecuniis</span> <span class='ocrx_word' id='word_1_152' title='bbox 406 3477 536 3548; x_wconf 93' lang='lat' dir='ltr'>corrupti</span> <span class='ocrx_word' id='word_1_153' title='bbox 559 3481 589 3534; x_wconf 86' lang='lat' dir='ltr'>et</span> <span class='ocrx_word' id='word_1_154' title='bbox 611 3479 674 3536; x_wconf 89' lang='lat' dir='ltr'>auri</span> <span class='ocrx_word' id='word_1_155' title='bbox 697 3479 789 3550; x_wconf 86' lang='lat' dir='ltr'>copia.</span> 
     </span>
     <span class='ocr_line' id='line_1_34' title="bbox 247 3571 1036 3645; baseline 0.004 -19"><span class='ocrx_word' id='word_1_156' title='bbox 247 3571 340 3628; x_wconf 84' lang='lat' dir='ltr'>Video</span> <span class='ocrx_word' id='word_1_157' title='bbox 365 3571 441 3628; x_wconf 89' lang='lat' dir='ltr'>enim</span> <span class='ocrx_word' id='word_1_158' title='bbox 464 3572 511 3628; x_wconf 87' lang='lat' dir='ltr'>vix</span> <span class='ocrx_word' id='word_1_159' title='bbox 535 3589 705 3645; x_wconf 90' lang='lat' dir='ltr'>quemquam</span> <span class='ocrx_word' id='word_1_160' title='bbox 728 3571 869 3644; x_wconf 86' lang='lat' dir='ltr'>applicari</span> <span class='ocrx_word' id='word_1_161' title='bbox 893 3571 1036 3644; x_wconf 84' lang='lat' dir='ltr'>dogmatis</span> 
     </span>
     <span class='ocr_line' id='line_1_35' title="bbox 247 3664 924 3738; baseline 0.003 -18"><span class='ocrx_word' id='word_1_162' title='bbox 247 3664 335 3722; x_wconf 88' lang='lat' dir='ltr'>Hisce</span> <span class='ocrx_word' id='word_1_163' title='bbox 358 3665 441 3723; x_wconf 89' lang='lat' dir='ltr'>novis</span> <span class='ocrx_word' id='word_1_164' title='bbox 464 3681 559 3737; x_wconf 82' lang='lat' dir='ltr'>posse,</span> <span class='ocrx_word' id='word_1_165' title='bbox 585 3667 610 3723; x_wconf 88' lang='lat' dir='ltr'>si</span> <span class='ocrx_word' id='word_1_166' title='bbox 632 3683 691 3724; x_wconf 92' lang='lat' dir='ltr'>non</span> <span class='ocrx_word' id='word_1_167' title='bbox 712 3667 743 3723; x_wconf 89' lang='lat' dir='ltr'>in</span> <span class='ocrx_word' id='word_1_168' title='bbox 765 3666 924 3738; x_wconf 86' lang='lat' dir='ltr'>periculum</span> 
     </span>
    </p>
   </div>
   <div class='ocr_carea' id='block_1_8' title="bbox 0 0 1416 4196">
    <p class='ocr_par' dir='ltr' id='par_1_10' title="bbox 0 0 1416 4196">
     <span class='ocr_line' id='line_1_36' title="bbox 0 0 1416 4196; baseline 0 0"><span class='ocrx_word' id='word_1_169' title='bbox 0 0 1416 4196; x_wconf 95' lang='lat' dir='ltr'> </span> 
     </span>
    </p>
   </div>
  </div>
 </body>
</html>
