2824 4196
295 217 332 277 78
490 229 704 290 accaronem,
727 233 933 278 1111111101.
960 222 1013 292 lll,
1043 226 1066 279 l.

364 407 457 466 Vrbes
481 408 591 465 donare
614 412 692 464 totas
716 413 746 465 et
768 409 933 479 provincias

362 503 504 574 Principis
528 507 573 559 est
594 502 709 574 prodigi
733 504 832 575 etqui
855 520 914 560 non
935 501 1063 562 fideliter

363 594 558 674 Οἷκονομίαν
579 601 687 654 tractet
710 597 808 654 datam
832 597 977 654 divinitus

361 694 392 750 Si
414 709 490 750 nunc
513 697 544 748 tu
566 691 653 748 urbes
677 691 788 764 aliquot
809 691 931 763 imperio
955 691 1110 750 abstuleris
1134 699 1164 753 et

290 807 345 849 rvro
361 788 493 860 Regnum
515 803 614 843 earum
636 785 763 842 indoctis
786 786 943 843 tradideris
967 787 1112 858 episcopis

360 885 455 955 Atque
478 881 535 938 hoc
557 879 666 938 factum
689 897 890 938 suceessorum
913 898 986 938 unus
1009 887 1039 940 et
1062 883 1137 940 alter·
1158 890 1210 941 aut

361 976 531 1048 Complures
554 975 742 1044 aemulentur,
767 975 836 1046 quid
860 975 916 1032 erit
938 975 1081 1048 reliquum

359 1071 488 1129 Tandem
507 1067 650 1141 imperio?
675 1069 818 1126 Paulatim
841 1069 1058 1140 dilapidabitnr,

360 1167 397 1222 Vt
418 1166 504 1237 paulo
527 1169 595 1236 post
617 1181 723 1220 nomen
745 1164 806 1220 sine
829 1181 861 1221 re
885 1164 1037 1222 obtineant
1060 1165 1210 1224 Caesares

289 1261 451 1322 1105011111
474 1259 627 1331 imperium
650 1258 820 1315 devolvetur
841 1258 880 1315 ad
903 1259 1065 1330 episcopos.

357 1356 420 1424 Quo
442 1371 562 1426 prorsus
585 1352 645 1421 fiet,
669 1357 702 1408 ut
725 1369 825 1409 currus
848 1352 952 1410 bovern
975 1353 1073 1410 trahat

356 1449 418 1507 Nec
440 1448 530 1506 verbo
553 1448 620 1516 iam,
644 1447 696 1504 sed
718 1447 816 1518 gladio
841 1446 974 1504 Christus
998 1448 1129 1519 imperet,

287 1556 352 1609 [Fra]
374 1544 458 1614 Quod
481 1543 550 1600 olim
572 1558 603 1599 se
626 1542 743 1614 negavit
764 1540 909 1598 facturum
931 1540 1009 1613 fuga.

405 1639 565 1695 Praeterea
587 1637 617 1692 in
640 1636 724 1693 donis
748 1640 778 1692 et
799 1635 949 1692 benefieiis
973 1637 1048 1694 solet

287 1752 342 1794 rvro
359 1732 524 1801 Observari,
547 1748 584 1788 ne
607 1730 747 1801 prodesse
771 1730 869 1788 volens
892 1731 1016 1788 maxime

356 1809 428 1885 Tum
451 1826 538 1884 rebus
562 1830 592 1882 et
614 1824 735 1896 privatis
759 1828 845 1896 atque
868 1824 991 1895 publicis

357 1921 565 1980 Incommodet.
591 1919 621 1976 Si
644 1920 687 1976 vis
710 1919 851 1990 prodesse
874 1919 1028 1990 episcopie,

358 2017 402 2074 Ne
424 2016 514 2073 facito
538 2014 625 2072 rebus
648 2013 772 2086 publicis
795 2013 945 2070 iniuriam!

357 2112 432 2181 Quin
456 2111 542 2168 etiam
567 2109 712 2180 episeopis
736 2109 791 2165 hoc
815 2125 873 2164 non
894 2107 1002 2179 prodes
1025 2108 1121 2166 modo.

285 2225 340 2267 rura
357 2206 434 2277 Opes
456 2221 578 2276 magnae
602 2220 721 2274 magnas
744 2202 853 2260 habent
874 2203 1032 2260 molestias.

357 2300 469 2357 Crescit
492 2315 641 2355 servorum
663 2314 809 2366 numerus
833 2296 980 2366 inflantur,
1004 2301 1125 2366 tument,

356 2394 490 2452 Ducendi
513 2393 640 2450 studium
665 2392 806 2460 obruitur,
831 2392 925 2462 pietas
949 2392 1058 2448 interit.

351 2489 438 2546 Haud
461 2488 563 2545 melius
588 2486 744 2544 cerdonem
768 2503 785 2542 a
807 2485 908 2543 labore
932 2486 1071 2554 dimoves

355 2583 447 2654 Quam
470 2583 495 2639 si
518 2581 692 2652 locupletem
714 2579 829 2650 feceris,
853 2597 907 2638 nec
930 2581 1075 2651 episcopis

287 2697 341 2738 ruo
357 2677 475 2748 Ansam,
498 2682 532 2732 ut
554 2693 653 2732 sacros
677 2675 908 2747 quamprimum
932 2675 1069 2732 claudant
1092 2673 1218 2742 codices,

356 2771 543 2829 Praestiteris
566 2769 681 2838 fortius,
706 2786 790 2841 quam
813 2769 837 2826 si
859 2769 1025 2840 provincias

354 2866 395 2922 Et
416 2866 504 2922 urbes
527 2865 584 2920 illis
608 2864 646 2922 ad
668 2864 827 2935 regendum
851 2863 982 2920 cesseris

354 2960 413 3016 Sed
437 2964 554 3030 oportet
577 2975 641 3015 esse
665 2958 811 3026 doctores,
836 2958 884 3028 qui
906 2956 1039 3028 plebibus

352 3054 447 3110 Deum
471 3052 585 3110 colendi
608 3057 719 3110 rectam
742 3057 970 3108 commonstrent
992 3052 1077 3108 viam.

284 3166 339 3208 1111
354 3149 395 3204 At
416 3165 474 3204 non
499 3146 645 3204 docebunt
668 3146 773 3202 divites
797 3145 935 3218 episcopi.

355 3240 549 3311 Quamobrem
573 3245 603 3298 et
626 3241 696 3312 ipsis
720 3245 748 3298 et
773 3240 885 3296 cunctis
908 3240 1023 3310 populis
1046 3239 1139 3306 obest,

356 3336 395 3392 Vt
418 3335 585 3392 divitiarum
607 3339 838 3406 praegraventur
860 3333 984 3392 sarcina.

356 3431 413 3488 Sed
437 3429 513 3502 quod
536 3429 687 3497 minamur,
713 3427 861 3499 oportebit
885 3433 1077 3498 contemnere,

356 3525 400 3582 Ne
424 3517 584 3604 ῥίψασπις
607 3523 724 3580 videare
748 3522 791 3578 vel
813 3527 935 3593 propter
957 3522 1059 3579 minae.

288 3637 343 3678 ruo
359 3618 487 3676 Benefac
510 3619 575 3688 illis,
601 3634 657 3689 quo
681 3616 770 3674 debes
794 3621 823 3672 et
844 3621 929 3688 potes
952 3616 1053 3673 modo!
