2824 4196
369 243 582 302 6266666666,
607 245 813 289 Pauliacmvs
838 235 891 304 ΙΙΙ,
917 236 945 291 5.
1087 239 1146 295 115

590 415 743 476 Neston

244 514 390 586 Propone,
414 513 530 586 pauebit
551 515 653 586 procul
677 515 773 571 dubio.
799 515 871 584 Nisi,

170 620 231 673 [Iao]
267 608 385 678 Caesar,
410 609 489 666 aliud
511 607 574 665 vis?

576 720 744 778 lulianus

531 814 729 887 Nequaquam.
755 815 918 873 Parebitur.

542 926 776 1000 Porphyrius,
880 955 908 1012 5

170 1041 229 1083 2666
245 1022 330 1092 Quod
352 1023 491 1094 peccasti,
516 1022 609 1090 aliter,
635 1022 753 1094 Caesar,
779 1023 886 1080 dimitti
909 1025 1016 1096 nequir,

245 1117 310 1174 Nisi
333 1121 362 1174 to
385 1117 432 1173 hic
455 1134 577 1188 pronum
601 1134 689 1188 super
711 1122 820 1174 terram
842 1119 1046 1189 prostraveris

244 1212 307 1281 Quo
330 1216 359 1268 te
382 1211 466 1283 plane
489 1210 671 1268 humiliatum
694 1216 779 1282 paler
800 1211 958 1284 intellegat.

588 1324 731 1380 Nestor.

243 1418 291 1477 En
312 1417 495 1489 principium,
519 1423 552 1474 ut
575 1419 634 1474 dixi
657 1418 724 1474 tibi!

575 1529 746 1586 Iulianus.

698 1623 773 1693 Quid
795 1622 901 1681 faciam
925 1625 1004 1682 aliud
1074 1668 1076 1672 -

242 1718 277 1774 In
300 1723 395 1775 artum
418 1715 603 1789 compulsus?
626 1717 801 1774 Detrectare
825 1735 946 1791 nequeo.

532 1831 786 1887 Pammachius,

170 1943 229 1985 2666
246 1923 351 1995 ‘Super
373 1923 504 1994 aspidem
526 1923 749 1996 basiliscumque
774 1923 936 1981 ambulabis
960 1929 989 1982 ct

245 2017 437 2076 conculcabis
460 2018 573 2075 leonem
597 2023 626 2075 et
649 2017 826 2076 draconem’

574 2129 746 2186 Iulianus.

808 2225 897 2282 Haud
919 2225 974 2282 tibi

243 2319 328 2376 Hunc
350 2318 447 2376 tribuo
470 2319 620 2387 honorem,
645 2320 698 2377 sed
721 2319 818 2378 Petro.

530 2429 787 2488 Pammachius

786 2543 827 2598 Et
848 2544 919 2600 mihi
943 2549 972 2600 et
995 2543 1093 2602 Petro.

556 2652 761 2709 Parrhasia.

242 2745 307 2804 Vah
330 2746 461 2804 homines
484 2746 579 2818 impii!
605 2745 751 2802 Summum
774 2747 874 2804 mundi
898 2753 985 2819 caput

242 2839 370 2898 Pedibus
395 2842 573 2899 conculcant.
599 2840 640 2897 Te
664 2841 734 2897 deus
758 2841 903 2911 piaculum

169 2953 228 2995 2616
242 2935 437 3005 Exterminet,
461 2941 493 2992 ut
515 2935 622 2991 inludis
645 2934 810 2991 hominibus
835 2941 864 2994 et
887 2936 956 2994 deo!

530 3047 786 3104 Pammachius

242 3140 313 3199 Eice
337 3159 405 3198 mox
428 3141 577 3198 mulierem
599 3141 750 3198 multatam
772 3142 908 3213 pessime,

243 3233 282 3291 Os
307 3235 445 3293 conlinito
469 3241 599 3292 stercore
623 3235 677 3304 vel,
703 3236 727 3291 si
751 3235 851 3305 mavis
876 3235 951 3294 luto!

556 3345 760 3404 Parrhasia.

243 3440 318 3510 Quin
340 3441 431 3498 mittis
455 3458 510 3510 me,
534 3441 668 3512 pessime,
693 3445 815 3514 tuasque
839 3460 885 3500 res
910 3439 992 3516 agis?

242 3535 316 3606 Heu,
342 3536 430 3593 etiam
453 3535 589 3593 verberat
612 3540 642 3592 et
664 3535 769 3594 faciem
791 3537 886 3609 pingit
907 3538 977 3594 luto.

170 3646 229 3690 2616
244 3629 319 3686 Hem
341 3631 484 3702 proditor,
507 3628 623 3699 nebulo,
648 3631 838 3702 sycophanta,
864 3629 1008 3689 carnifex!

959 3730 991 3782 8*
