2824 4196
266 243 306 304 42
477 255 700 316 nouenoeovs.
713 259 919 312 ramusculus
944 250 966 319 Ι,
991 252 1020 308 4.

529 491 532 498 ,
666 434 833 494 Iulianus.

439 525 520 585 Scio:
543 544 624 586 moos
648 529 778 602 captivos
802 529 890 588 duces
913 531 1055 590 subditos

624 648 876 709 Pammachius.

321 727 518 814 Nequaquam

666 854 835 914 Iulianus.

542 947 656 1006 Exores
679 947 804 1008 forsitan
825 943 1012 1024 prouincias?

624 1059 875 1120 Pammachius.

321 1152 423 1226 Neque
446 1153 510 1211 hoc:

428 1265 434 1274 '
666 1265 833 1324 Iohanne

495 1366 605 1437 Quibus
629 1353 698 1442 ergo
721 1385 777 1432 me¹
790 1370 968 1449 expugnabis
991 1370 1152 1454 machinis?

624 1473 877 1548 Pammachius.
1015 1470 1017 1474 ¹

263 1599 307 1643 aee
322 1583 413 1642 Paulo
435 1588 504 1656 post
527 1586 624 1662 curiae
647 1585 796 1644 Romanae
818 1586 977 1658 practicam
1019 1633 1038 1640 ..

322 1677 497 1749 PersentioS,
522 1697 607 1752 quam
630 1669 729 1738 omnes
752 1679 895 1739 timebunt
917 1681 1072 1753 principes.

666 1799 834 1860 Iulianus.

322 1902 429 1960 Pereat
450 1903 534 1973 male,
559 1919 632 1976 quae
654 1903 807 1975 imperium
833 1903 969 1972 turbarit,
992 1889 1136 1976 practica!
1176 1942 1177 1950 .

322 1998 445 2056 Adeone
468 1999 561 2057 omnis
584 1998 734 2071 religionis
756 1996 855 2078 feryor
877 1997 931 2055 tibi

321 2091 471 2150 Excussus
495 2098 548 2163 est,
573 2097 603 2150 et
623 2093 706 2165 prior
727 2093 839 2150 interiit
861 2097 921 2150 tam
944 2093 1002 2150 cito
1039 2141 1041 2144 .
1082 2123 1085 2130 ·

263 2203 306 2245 aro
322 2185 468 2255 Probitas,
491 2192 524 2244 ut
546 2186 637 2244 facias
661 2187 744 2256 male,
773 2187 821 2259 qui
843 2181 1031 2245 tibifaciunt
1052 2184 1149 2244 bene?
1209 2235 1212 2237 .

636 2298 879 2371 Porphyrius..

323 2403 447 2460 Miseret
469 2403 512 2459 tui
534 2419 589 2472 me,
614 2402 662 2475 qui
684 2403 762 2474 patri
784 2401 864 2459 haud
886 2401 1078 2474 obtemperes

260 2525 262 2530 ·
307 2491 455 2570 Eumque
477 2497 522 2555 bis
546 2497 632 2555 dictis
654 2495 755 2556 facias
770 2497 918 2554 inimicum
940 2496 1003 2554 tibi.

669 2626 839 2684 Iulianus.
867 2697 869 2701 ,
946 2627 951 2632 ’
977 2625 979 2628 ’
1046 2673 1050 2680 .

322 2732 386 2790 Tua
409 2736 505 2790 cesset
525 2731 690 2789 miseratio!
713 2731 761 2787 An
783 2730 813 2786 in
835 2730 891 2787 boc
913 2746 965 2786 vos
989 2727 1126 2786 audiam?

321 2825 391 2896 Quis
414 2842 473 2884 non
495 2825 576 2883 videt
595 2842 649 2883 vos
673 2825 807 2896 desipere
829 2821 1108 2895 praetermodum?

266 2931 334 2985 [olo]
355 2919 489 2979 Proferte
511 2920 673 2992 practicam
696 2923 873 2990 cunctasque
895 2918 1054 2988 machinas,

322 3016 385 3073 Neo
407 3019 506 3072 tamen
526 3014 680 3086 imperium
703 3013 848 3085 episcopis
873 3028 1056 3071 concessero.
1136 3051 1139 3056 ι

576 3165 578 3168 -
625 3132 882 3192 Pammachius.

324 3237 503 3307 Videbimus,
527 3237 597 3310 quid
618 3235 697 3294 facto
722 3253 794 3307 opus
818 3235 857 3292 sit
878 3239 991 3306 postea.

669 3357 837 3430 luhanus

321 3462 442 3520 Videte!
464 3461 514 3520 Nil
536 3478 582 3519 me
604 3465 719 3518 vestrae
742 3464 908 3532 perterrent
927 3459 1033 3525 minae,

323 3558 364 3615 Et
386 3557 447 3614 nisi
465 3556 587 3614 meliora
609 3555 746 3627 ceperitis
770 3553 900 3624 consilia,
924 3569 993 3611 mox

266 3672 310 3714 eoo
324 3652 465 3712 Exercitu
488 3651 555 3708 huic
577 3666 703 3723 posuero
726 3649 856 3706 malitiae
879 3647 1006 3705 modum.
