2824 4196
366 251 580 312 succensens
602 254 807 299 rauuacuivs
832 242 869 312 IL
895 244 927 314 43
954 244 981 300 5.
1112 246 1161 302 Ἰ71

599 429 762 487 Satanas

678 541 693 597 Ι
716 546 802 612 atquc
826 541 967 610 subservi,
990 541 1116 600 Dromo!

258 633 319 691 Sed
342 633 423 704 heus,
448 634 580 692 reducite
603 631 688 692 nobis
712 633 869 692 Caesarem
892 637 1071 708 apostatam!

565 763 796 835 Porphyrius.

262 873 344 931 Nihil
366 873 490 932 facilius.
515 874 555 932 Et
577 875 634 932 hoc
657 893 722 932 cum
745 875 809 932 aliis
834 875 991 933 curabitur.

475 1181 599 1240 AOTVS
623 1183 660 1239 II.
708 1181 836 1239 SCENA
859 1182 893 1238 V.

384 1329 546 1394 Satanas,
593 1337 733 1394 Planus,
780 1335 977 1394 Stasiades.

602 1507 762 1565 Satanas.

267 1627 373 1698 Papae,
399 1643 551 1684 successus
574 1627 628 1683 hos
651 1643 710 1683 nun
732 1643 905 1698 sperassem,
931 1625 1030 1683 duces,

268 1720 340 1778 Cum
363 1721 537 1778 Christianis
561 1721 629 1793 quin
652 1722 690 1777 sit
713 1725 819 1792 actum,
844 1721 922 1778 haud
946 1719 1057 1777 dubito.
1083 1719 1142 1777 Sed

194 1833 252 1875 1560
268 1815 345 1885 Quid
367 1833 418 1873 ves
441 1813 573 1888 putatis?

589 1944 786 2002 Stasiades.

607 2053 702 2125 Quid?
728 2054 929 2112 Certissimum
951 2053 1016 2110 hoc.
1041 2052 1104 2109 Viri

269 2115 410 2207 Industrii
434 2155 501 2207 sunt
524 2150 561 2208 ad
584 2150 661 2208 mala
682 2149 911 2222 prudentissimi.

267 2244 478 2316 Advigilabunt
501 2263 589 2302 causa
613 2263 677 2302 cum
700 2245 794 2302 nostri
817 2250 877 2301 tum
901 2243 955 2300 sui.

268 2339 328 2397 Sed
351 2344 380 2396 et
403 2357 455 2398 nes
478 2341 593 2397 interea
614 2340 687 2396 nihil
710 2339 898 2396 cessabimus.

605 2467 766 2526 Satanas

266 2581 331 2638 Hoc
354 2581 450 2652 ipsum
473 2581 551 2652 agite
576 2584 605 2637 et
628 2579 721 2637 abite!

621 2709 759 2766 Planus.

756 2818 814 2876 Sed
838 2833 893 2889 quc
916 2813 980 2872 vis?

609 2949 769 3006 Satanas.

972 3055 1068 3112 Probe

200 3180 257 3224 1565
272 3161 386 3218 Mones.
411 3159 457 3215 Illi
480 3157 678 3229 subiugandae
701 3155 839 3226 Europae
863 3156 930 3208 sunt
953 3151 1034 3217 satie,

273 3256 333 3312 Vos
356 3256 386 3311 in
409 3253 510 3310 Asiam
533 3253 582 3322 ite,
609 3251 684 3319 dein,
710 3249 835 3317 silicet,
860 3247 890 3303 in
912 3244 1052 3302 Africam.

272 3350 385 3422 Vbique
408 3365 462 3420 pro
486 3351 549 3404 arte
573 3347 692 3418 quisque
716 3359 835 3414 operam
857 3346 945 3397 navet
968 3356 1030 3407 sua,

273 3447 318 3504 Ne
342 3443 494 3504 doctrinae
519 3440 645 3512 supersit
669 3454 756 3496 sanae
781 3435 936 3509 quidpiam.
