2824 4196
357 279 571 339 naooacuovs,
593 281 799 325 annuncians.
825 268 874 338 IV,
900 269 933 340 43
963 268 990 325 5.
1105 269 1160 324 14?

264 455 390 528 Quisque
413 473 465 513 sua
489 457 580 514 dicat!
604 457 639 512 Iu
661 457 750 513 tantis
772 456 908 528 periculis

263 550 343 606 Nihil
367 555 412 607 est
434 551 636 608 cunctandum.
661 551 743 608 Hace
767 550 957 621 opprimenda
980 565 1093 618 censeo,

192 661 249 703 3265
264 644 340 700 Dum
363 644 458 702 adhuc
480 646 511 701 in
533 645 624 702 herba
647 650 726 713 sunt,
750 662 787 701 ne
809 645 950 702 roborata
972 643 1035 714 plus

264 737 388 795 Laboris
412 740 568 810 postulent,
592 739 656 810 plus
680 745 709 796 ct
731 739 861 810 periculi.

466 1009 590 1067 ACTVS
614 1010 662 1066 IV.
709 1009 837 1066 SCENA
860 1010 893 1065 V.

215 1144 376 1203 Satanae.
424 1147 675 1204 Pammachius.
723 1147 954 1218 Porphyrius
1001 1145 1140 1202 Planu.

461 1241 657 1299 Stasiades.
704 1241 895 1299 Chromius.

597 1395 760 1452 Satanas

263 1487 449 1544 Accumhite!
472 1489 614 1557 Audistis,
640 1507 712 1561 quae
735 1507 789 1547 nos
812 1495 946 1561 premant
967 1489 1051 1557 mala,

263 1581 317 1650 Qui
340 1582 449 1651 hostes,
474 1601 546 1655 quae
570 1585 708 1656 dogmata
731 1601 839 1656 quaeve
863 1585 1040 1656 conspiratio

263 1675 296 1731 In
319 1693 371 1733 nos
395 1683 552 1749 consurgat
575 1695 592 1735 a
614 1679 786 1750 quibusdam
808 1677 937 1751 perfidis,

191 1787 247 1829 3270
264 1769 302 1826 Vt
324 1771 442 1828 timeam
464 1790 522 1829 non
544 1791 597 1844 pro
622 1792 666 1830 me
689 1774 786 1843 modo,
812 1773 863 1830 sed
886 1791 938 1845 pro
962 1774 1044 1830 vohis
1061 1776 1162 1847 magis.

262 1865 319 1922 Pro
343 1883 388 1922 me
411 1867 535 1938 quidem,
560 1869 637 1940 quod
661 1868 770 1925 Christi
793 1869 885 1940 surgit
907 1868 1009 1940 gloria,

262 1959 354 2029 Quam
378 1977 431 2032 ego
455 1979 512 2018 una
534 1961 684 2019 vobiscum
711 1980 803 2034 prope
827 1962 935 2019 dudum
958 1965 1161 2034 exstinxeram,

262 2054 397 2123 Quamvis
421 2072 474 2112 nec
497 2073 532 2114 ex
555 2061 654 2113 vestra
676 2074 707 2114 re
731 2058 769 2113 sit
792 2073 855 2113 eam
879 2074 1024 2130 crescere3

262 2148 319 2204 Pro
343 2148 425 2206 vobis
448 2166 517 2206 vero
542 2155 571 2206 et
593 2152 697 2208 vestris
720 2168 773 2223 pro
798 2153 981 2220 crumenuhs,

190 2261 247 2302 aare
263 2242 346 2312 Quod
371 2245 544 2320 commeatui
567 2249 664 2302 vestro
688 2247 755 2302 hinc
777 2247 935 2318 periculum

262 2337 349 2394 Haud
372 2338 491 2409 vulgare
514 2340 600 2396 venit.
626 2339 701 2408 Quin
724 2345 754 2397 et
775 2340 965 2412 vectigahbus

261 2431 369 2504 Magna
391 2449 445 2503 per
466 2433 539 2491 hacc
563 2434 701 2505 dogmata
723 2435 828 2492 vestris
850 2436 885 2492 lis
909 2436 1078 2503 intenditur,

261 2525 299 2581 Vt
321 2544 368 2583 res
392 2533 506 2584 vestrae
530 2529 568 2586 ad
591 2528 780 2600 Saguntinam
803 2535 935 2601 spectent
956 2529 1071 2586 famem.

261 2619 347 2677 Scitis
371 2623 446 2682 enim
469 2639 505 2678 ex
528 2623 624 2678 missis
647 2629 677 2680 et
700 2641 735 2680 ex
763 2623 956 2692 caerimoniis

189 2731 246 2773 aaeo
261 2713 307 2770 Ex
329 2715 457 2786 reliquiis
481 2721 570 2772 etex
593 2717 725 2774 divorum
748 2717 881 2787 cultibus

261 2807 307 2864 Ex
330 2809 466 2879 operibus
489 2809 574 2867 bonis
598 2816 627 2868 et
651 2829 686 2868 ex
709 2812 834 2879 ieiuniis,

256 2901 302 2958 Ex
325 2905 436 2960 naeniis
460 2906 629 2974 animarum,
654 2923 690 2963 ex
712 2906 899 2978 indulgentiis

189 3007 255 3060 [riso]
291 2995 331 3052 Et
354 3014 389 3053 ex
412 2997 603 3068 confessione,
629 3017 664 3057 ex
686 3001 867 3071 paenitentia

261 3091 421 3148 Proventus
446 3109 510 3148 csse
534 3099 656 3151 vestros.
682 3094 777 3164 Quare
802 3097 826 3152 si
850 3097 946 3153 omnia

188 3203 245 3245 aaa>
260 3185 418 3242 Turbariut
440 3186 540 3244 hostes
564 3193 593 3246 et
616 3189 747 3246 homines
772 3191 939 3260 averterint,

260 3279 305 3336 Ne
327 3285 425 3338 vestro
450 3281 508 3338 sint
529 3282 633 3339 intenti
656 3283 780 3354 posthac
802 3286 943 3356 quaestui,

260 3374 342 3432 Vnde
366 3392 420 3446 ego
442 3392 494 3432 vos
518 3377 629 3434 otiosos
651 3375 790 3450 pascam?
814 3379 874 3435 Aut
896 3381 973 3437 unde
996 3398 1047 3437 vos

258 3469 367 3540 Equos,
393 3475 498 3538 scorta,
524 3487 610 3527 canes
634 3473 712 3529 alere
734 3470 890 3544 poteritis?
914 3475 974 3530 Aut
997 3476 1099 3547 quibus

260 3563 384 3635 Regales
407 3563 557 3622 instructis
580 3564 723 3637 pompas?
747 3567 791 3623 Ne
814 3568 904 3638 igitur
926 3569 982 3626 huc

187 3675 244 3718 3290
259 3657 409 3728 Veniatur,
434 3659 512 3716 omni
536 3660 694 3718 curandum
717 3666 762 3718 est
784 3661 936 3719 industria.

958 3761 1006 3813 10*
