2824 4196
391 252 605 314 nsouuonovs
629 258 836 304 PAMMAGHIVS.
861 249 900 319 ΙΙ,
924 251 953 308 4.
1120 255 1157 312 67

257 427 422 498 Sectcmini,
448 431 542 500 colite,
567 437 668 503 parete
692 434 722 490 in
745 435 892 493 omnibus!

256 523 313 579 Hic
336 522 395 580 dux
417 529 514 582 vester
537 527 601 584 erit.
626 527 725 600 Tuque
749 529 896 601 observes,
921 531 1073 606 Porphyri‚

256 617 348 686 Quem
371 622 524 690 tantopere
547 620 687 678 laudasti!

558 749 788 822 Porphyrius.

719 853 849 912 Faciam.

593 980 755 1039 Satanas.

842 1078 938 1151 Digna
960 1099 1011 1139 vos

259 1167 365 1226 Omnes
388 1174 506 1226 manent
527 1169 667 1240 praemia.

545 1296 798 1355 Pammachius

697 1400 859 1460 Credimus.

593 1528 753 1588 Satanae.

844 1626 892 1683 Ad
915 1627 971 1686 hoc
994 1629 1078 1687 velim

185 1736 242 1778 1475
257 1720 334 1774 Ante
358 1717 463 1785 omnia,
487 1733 524 1774 ne
546 1717 690 1789 principio
713 1718 837 1790 publicis
861 1720 914 1778 viis

257 1811 473 1883 Ingrediamini.
499 1811 533 1868 In
555 1812 669 1868 insidiis
693 1813 876 1870 clanculariis

258 1906 365 1963 Mehor
388 1911 433 1962 est
455 1906 531 1964 ratio
555 1910 585 1963 et
607 1905 733 1964 formula
755 1905 904 1966 efficacior

257 1999 440 2072 Decipiendi.

544 2119 797 2177 Pammachius.

491 2223 641 2281 Novimus.
666 2223 707 2280 Et
730 2223 840 2281 Christi
863 2226 979 2283 nominc

255 2319 411 2392 Negotium
434 2334 625 2390 exsequemur
646 2323 787 2375 nostrum.

590 2446 750 2504 Satanas.

822 2541 941 2600 Cohide.

151 2695 156 2706 ,
185 2656 241 2698 nso
256 2637 342 2694 Meae
364 2634 497 2707 protecto
521 2652 571 2692 vos
595 2635 716 2692 multum
738 2636 911 2706 prudentiae

255 2731 387 2801 Tenetis;
411 2746 534 2801 namque
558 2734 588 2786 et
611 2746 664 2800 ego
688 2746 733 2786 me
757 2730 787 2785 in
808 2730 881 2787 lucis
905 2731 1038 2802 angelum

255 2824 453 2893 Transformo,
478 2825 503 2880 si
527 2823 654 2895 speciem
676 2823 812 2880 videntur
835 2840 974 2897 quaerere

255 2920 410 2990 Homines3
434 2918 610 2990 religiosum,
634 2917 800 2990 benignum,
825 2918 970 2987 humilem,
994 2919 1082 2990 pium,

184 3025 250 3078 [mro]
273 3014 450 3082 Modestum,
474 3013 643 3085 patientem,
671 3013 780 3069 iustum
803 3029 838 3070 ac
859 3013 1043 3070 mitissimum

183 3128 240 3169 1485
255 3109 358 3181 Fingo.
383 3106 468 3177 Quod
492 3107 516 3164 si
538 3107 691 3179 ignoratis
716 3124 752 3164 ex
774 3123 820 3164 mc
844 3106 962 3164 discite!

542 3244 797 3302 Pammachius.

255 3348 407 3407 Periacilc.
433 3348 500 3420 Sed,
525 3349 669 3420 princeps,
694 3349 772 3406 inter
794 3348 937 3420 agendum
960 3365 1041 3421 rogo,

255 3444 286 3501 Si
309 3444 424 3516 quando
448 3443 544 3500 verbis
567 3441 621 3500 tibi
643 3441 720 3500 forto
744 3441 971 3512 adversabimur,

253 3539 298 3596 Nc
322 3555 408 3610 aegre
431 3536 518 3595 ieras.
543 3537 710 3609 Tragoedia
732 3537 807 3594 istuc
830 3536 967 3608 postulat,

255 3633 294 3690 Vt
316 3639 375 3690 tarn
399 3633 497 3690 divina
519 3631 652 3689 homines
675 3631 788 3689 lateant
813 3631 961 3702 mysteria.

970 3727 1002 3780 5*
