2824 4196
330 289 544 346 ulooaoaovs
566 289 770 333 0000100110.
795 278 847 347 ΙΙΙ,
873 281 906 350 43
932 281 959 336 5.
1091 281 1129 337 93

532 464 760 536 Porphyrius

230 560 279 618 Sic
301 560 399 616 hercle
422 559 492 615 nulli
515 560 668 616 maiestate
693 559 825 626 cesseris,

150 654 353 726 000οΕ111100
377 659 451 723 1000,
476 658 568 724 pater,
594 653 748 724 adspectus
772 655 817 710 vel
840 670 910 710 saxa
933 655 978 711 vel

228 750 335 805 Asinos
359 748 397 805 ad
419 748 588 818 religionem
612 753 697 820 atque
720 746 808 804 fidem
834 748 965 806 moverit.

228 843 268 900 Et
290 860 366 899 nuuc
388 843 474 914 plane
496 842 550 900 bos
573 843 603 898 iu
626 842 737 913 ‹luadra
760 848 805 899 001
828 847 974 914 argentea.

516 961 768 1019 Pammachius.

228 1057 311 1126 Hem,
339 1057 408 1129 quid
432 1055 524 1113 dixti?

530 1168 758 1239 Porphyrius,

567 1260 662 1331 Quid?
685 1262 724 1318 vt
747 1261 865 1333 ‹luadris
887 1264 1047 1322 inambulas

227 1357 391 1429 Argerrteis.

517 1467 768 1525 Pammachius.

412 1563 523 1633 Dignus
548 1580 611 1634 ego.

527 1674 757 1746 Porphyrius

618 1767 650 1837 Ο,
676 1786 759 1826 uemo
784 1769 907 1840 dignior.

516 1879 768 1938 Pammachius

149 1995 212 2037 0005
228 1975 353 2033 Revolve
376 1991 452 2031 nunc
475 1975 612 2044 cortinas,
637 1980 669 2030 ut
691 1975 818 2031 viderier

226 2069 273 2126 Ab
297 2069 429 2126 omnibus
452 2069 562 2140 possim
586 2074 615 2124 et
639 2085 804 2140 supremum
827 2087 872 2126 me
896 2071 990 2128 sciant

228 2163 404 2220 Cunctorum
426 2180 522 2220 rerum
545 2163 769 2231 moderatorem,
798 2164 846 2236 qui
869 2165 961 2222 vicem

228 2257 337 2314 Christi
360 2258 499 2314 interris
522 2263 614 2328 gerat,
640 2258 720 2313 cuius
745 2259 833 2314 otiam
855 2259 885 2314 in
908 2276 994 2316 manu

226 2353 266 2409 Et
288 2369 379 2424 regna
403 2352 472 2409 dare
496 2358 525 2408 et
548 2351 662 2409 auferre
687 2369 802 2424 semper
828 2355 866 2410 sit
889 2354 984 2411 situm.

525 2472 755 2544 Porphyrius.

151 2585 211 2627 0010
225 2567 320 2623 Deum
337 2566 547 2646 immortalem,
569 2573 676 2638 quauta
698 2567 736 2623 ad
762 2568 818 2624 hoc
841 2570 1036 2638 spectaculum

227 2659 375 2748 Confluuit
397 2661 551 2717 multitudo
574 2661 673 2732 populi
697 2667 755 2717 tam
779 2662 852 2719 cito!

151 2783 222 2837 [060]
517 2772 766 2830 Pammachius.

226 2867 360 2924 Pulchre.
383 2867 480 2924 Nolim
504 2867 546 2923 sio
569 2867 675 2936 ornari,
699 2868 729 2922 ni
752 2884 769 2924 0
792 2868 917 2926 maxima

224 2961 394 3019 Mortalium
417 2961 534 3018 viderer
558 2961 751 3019 multitudiue.

423 3183 546 3240 ACTVS
570 3184 623 3240 III.
670 3183 798 3240 SCENA
821 3186 855 3241 V.

184 3319 416 3390 Porphyrius.
456 3319 709 3378 Pammachius.
749 3321 917 3380 Iulianus.
957 3325 1096 3383 Nestor.

537 3422 739 3480 Parrhasia.

523 3575 753 3648 Porphyrius.

223 3667 321 3738 Visne,
345 3675 377 3726 ut
399 3687 561 3742 proponam
583 3672 699 3742 populo,
725 3689 797 3743 quae
821 3679 849 3730 10
874 3674 961 3746 digna
984 3674 1070 3733 suut?
