2824 4188
398 253 613 311 0000000005,
637 253 843 299 esuriemve.
867 242 889 311 Ι,
915 243 942 298 3.
1118 242 1157 299 29

242 427 283 488 Et
304 429 421 488 intimae
444 430 532 488 sortis
555 430 716 502 linquamus
740 429 918 487 hominibus:

241 524 302 582 Nos
326 525 383 596 ipsi
405 524 504 581 mundi
528 525 686 582 serviamus
709 525 842 597 principi.

555 645 786 717 Porphyrius,

241 749 422 821 Dispeream,
448 749 473 806 si
495 766 554 806 000
576 750 632 805 hoc
656 749 806 806 consilium
830 755 875 807 est
898 751 1045 822 optimum,

241 844 304 901 Nec
326 860 452 916 unquam
474 843 535 901 vidi
557 844 659 901 melius
683 844 835 902 consilium
858 845 931 903 dari.

543 964 796 1022 Pammachius.

183 1086 226 1128 555
241 1068 278 1137 15,
304 1069 329 1125 51
352 1069 424 1126 01105
447 1067 531 1126 nobis
555 1069 776 1141 haudquaquam
799 1086 885 1140 pares
909 1087 961 1128 suo

240 1163 334 1221 Fovet
356 1180 445 1236 regno
469 1164 637 1236 magnisque
661 1180 711 1221 eos
734 1164 902 1234 honoribus

242 1258 388 1327 Potentia,
414 1258 523 1315 divitiis
546 1257 616 1316 beat
638 1262 668 1315 et
689 1259 815 1327 nomine,

241 1353 309 1411 Non
332 1353 443 1421 dubito,
469 1353 537 1425 quin
558 1370 612 1410 nos
636 1353 674 1409 sit
695 1352 825 1410 facturus
848 1355 975 1412 maximi.

554 1465 785 1536 Porphyrius
880 1461 889 1480 ⁸

241 1559 336 1617 Deum
359 1559 560 1628 immortalem,
585 1559 710 1628 haesito,
735 1559 804 1631 quid
827 1559 955 1618 admirer
976 1562 1077 1634 magis,

182 1673 225 1714 550
240 1653 438 1711 Fortunamne
461 1670 498 1711 an
519 1653 685 1711 mortalium
705 1653 898 1726 prudentiam.

242 1749 378 1820 Hercule,
402 1748 480 1806 nulla
503 1748 580 1806 50105
603 1749 713 1821 poterit
738 1765 792 1806 nec
814 1747 938 1806 felicitas

241 1842 363 1913 Deesse,
388 1843 412 1900 si
435 1859 494 1900 non
517 1843 669 1900 consilium
692 1842 826 1900 defuerit.
851 1843 928 1900 Hinc

241 1938 342 2010 Longe
366 1938 492 2009 optimus
516 1943 569 2006 051,
595 1938 641 2000 001
664 1954 779 2009 semper
802 1937 953 1994 consilium
976 1943 1032 2005 051Ι
1047 1939 1134 1996 dorni.

545 2059 798 2116 Pammachius.

242 2155 283 2210 At
304 2154 334 2210 in
357 2152 475 2223 Christi,
501 2153 576 2210 sicut
598 2153 688 2222 vides,
716 2153 835 2225 negotio

185 2267 227 2308 505
243 2249 358 2320 Inopes,
383 2246 494 2308 adflicti
517 2253 547 2305 et
569 2265 705 2306 numerus
729 2248 881 2306 dumtaxat
904 2267 1010 2319 sumus,

243 2343 321 2412 Quos
345 2343 471 2400 omnium
495 2343 625 2415 oportuit
648 2360 712 2400 esse
734 2344 907 2416 populorum
934 2350 1028 2418 caput.

185 2465 251 2518 [coa]
554 2454 786 2526 Porphyrius.

242 2547 399 2621 Magnifice
422 2549 522 2621 500115,
545 2548 664 2606 fortuna
686 2549 773 2606 modo
797 2549 918 2607 dextera

242 2644 382 2716 Adspiret
406 2649 566 2716 cunctaque
590 2643 647 2699 sint
670 2660 685 2700 e
708 2643 804 2700 medio
829 2643 987 2702 obstacula.

544 2764 797 2821 Pammachius.

241 2859 326 2928 Quod
349 2857 472 2916 Satanas
496 2858 586 2916 dabit.
611 2858 651 2914 At
674 2875 747 2930 quae
771 2863 838 2915 suut
861 2857 970 2916 Christi
992 2859 1143 2931 praemia?

185 2971 228 3014 510
243 2953 343 3024 Dabit,
368 2954 490 3011 cottidie
512 2958 545 3010 ut
568 2970 668 3010 verser
689 2954 720 3009 in
741 2953 878 3024 periculis

243 3047 411 3104 Cottidiana
434 3053 463 3106 et
486 3048 625 3106 conficiar
647 3047 849 3118 sollicitudine,

241 3142 357 3200 Labore
380 3149 488 3215 quanto
510 3143 618 3215 potior,
643 3147 725 3200 10010
749 3141 893 3200 abiectior

242 3237 281 3294 Vt
304 3238 358 3294 sim
381 3238 540 3310 degamque
563 3254 683 3309 prorsus
707 3236 754 3293 hic
776 3237 925 3308 inglorius

241 3332 371 3405 Egregia
394 3332 537 3390 eiusmodi
560 3336 628 3389 sunt
651 3331 760 3388 Christi
783 3333 922 3403 praemia.

559 3453 787 3524 Porphyrius.

183 3547 412 3608 51511001οΙ1οο
436 3547 629 3616 10110011οι0,
653 3553 746 3619 pater,
772 3547 924 3620 intellegis.
954 3549 1041 3606 Haud
1063 3548 1137 3606 bene

242 3643 331 3712 Vixit,
356 3641 452 3714 pusilli
476 3643 524 3714 qui
548 3642 636 3700 animi
658 3643 736 3699 nulla
758 3643 885 3714 posteris
