2824 4196
254 271 311 328 102
450 281 664 340 0202000222,
688 283 896 328 ranunculus.
920 273 973 342 ΙΙΙ,
999 274 1026 330 5.

321 457 377 527 Qui
400 460 536 517 castitate
560 464 590 516 22
612 460 689 516 vitae
713 460 914 530 sanctimonia,

320 552 448 612 Mirifica
470 554 610 625 religione
634 559 663 611 22
687 553 874 611 oboedientia

247 665 305 708 2220
320 647 360 704 Ε2
381 653 555 721 paupertate
579 666 595 706 o
618 665 738 720 prorsus
762 649 939 707 intolerabili

320 743 527 800 Inexlraustum
550 744 719 800 meritorum
742 744 910 801 thesaurum
932 751 1038 816 parent

320 837 360 894 Et
382 839 467 909 longe
489 838 574 909 plura
596 843 692 910 agant,
718 855 803 910 quam
824 840 976 910 praecepit
999 839 1079 896 deus.

320 932 403 990 Vnde
426 932 505 1000 haud
528 931 583 988 sibi
607 933 700 989 solum
723 950 758 990 ex
782 934 925 1005 condigno
949 938 1035 1005 atque
1060 951 1187 1006 congruo

319 1027 375 1084 Dei
398 1027 586 1085 merebuntur
608 1026 746 1096 favorem,
772 1028 823 1085 sed
847 1029 935 1085 etiam

245 1140 303 1181 2222
318 1121 404 1192 Quod
426 1113 560 1193 superest
581 1123 611 1178 in
634 1122 756 1179 aliorum
780 1122 865 1179 cedet
888 1123 1078 1180 commodum.

319 1217 367 1273 Ad
391 1233 440 1274 202
464 1217 554 1288 igitur
576 1221 703 1287 emptum
726 1218 831 1274 merita
854 1218 1035 1275 contendite!

362 1310 538 1382 Quicumque
562 1328 631 1368 vero
655 1316 796 1368 0200220
821 1312 923 1368 ductus
947 1313 1051 1383 spiritu

320 1405 439 1462 illorum
462 1423 525 1463 sese
549 1406 676 1462 iunxerit
700 1405 830 1478 collegio,

320 1500 391 1557 lldox
414 1500 540 1557 omnium
562 1505 750 1572 peccatorum
772 1502 886 1558 veniam
909 1502 984 1558 sciat

246 1613 304 1654 2220
320 1594 356 1652 Sc
381 1595 549 1664 obtinuisse,
574 1595 653 1651 haud
675 1596 769 1652 minus
793 1613 878 1667 quam
901 1597 925 1652 si
947 1595 1132 1668 baptismatis

315 1691 486 1762 Accepisset
509 1707 622 1746 sacrum
646 1689 790 1746 Christive
814 1691 953 1762 sanguine

317 1785 406 1842 Esset
428 1785 533 1841 100202.
580 1784 664 1841 Adeo
688 1801 755 1841 raso
779 1801 843 1841 esse
866 1786 975 1842 vertice

319 1879 360 1936 Et
382 1884 461 1936 veste
486 1880 574 1936 stulta
598 1879 714 1950 contegi
737 1883 767 1936 22
788 1878 876 1936 fidem
899 1880 1017 1936 inritam

318 1974 458 2031 Humanis
481 1973 579 2031 facero
604 1973 860 2030 constitutionibus

245 2086 302 2128 2265
318 2067 458 2140 Supremo
484 2069 658 2140 caelestique
681 2062 831 2140 perplacet
852 2069 938 2140 patri.

361 2162 520 2220 Praeterea
542 2180 600 2220 non
624 2163 694 2219 satis
719 2169 763 2220 222
786 2163 868 2220 vobis
892 2163 1010 2234 negotia

319 2255 390 2313 Cum
413 2258 484 2314 vivis
508 2274 572 2314 2222
595 2257 673 2326 20112,
698 2258 755 2313 0121
778 2262 807 2314 22
830 2275 847 2314 0
869 2257 992 2314 mortuis

318 2350 448 2423 speretis
472 2352 580 2408 sanctis
605 2352 742 2407 auxilium
766 2357 851 2423 02002
874 2353 1008 2423 gratiam.

248 2456 317 2508 [Han]
343 2445 456 2517 Quippe
479 2446 520 2501 illi
543 2447 601 2502 iam
624 2446 732 2502 dudum
756 2446 842 2503 soluti
867 2463 989 2518 corpore

247 2540 486 2600 222οΕ210020
509 2542 616 2612 iugiter
639 2541 866 2612 contemplantes
891 2541 938 2598 dei

318 2636 499 2694 Mediatores
523 2637 613 2693 vestri
636 2653 700 2693 esso
724 2641 754 2708 et
776 2652 892 2706 semper
914 2635 1031 2706 optimis

319 2731 383 2788 Deo
407 2749 457 2788 vos
482 2732 684 2788 commendare
708 2731 805 2788 valent
828 2730 982 2802 suffragiis.

319 2825 446 2883 Proinde
470 2827 507 2884 ad
531 2843 580 2883 202
603 2827 718 2898 peccati
739 2825 834 2897 pressi
856 2825 986 2896 pondere

320 2919 538 2991 Convertimini,
562 2919 643 2977 feriis
667 2938 720 2978 nec
743 2937 802 2976 non
823 2920 939 2976 ieiuniis

246 3032 304 3073 2272
320 3014 423 3084 colite,
447 3016 590 3083 invocate,
615 3016 737 3072 adorate
761 3019 848 3085 atque
871 3014 989 3070 maximi

320 3107 465 3180 Cuiusquo
488 3127 593 3166 nomon
615 3109 712 3178 facite,
737 3114 770 3165 ut
794 3108 894 3179 cuique
921 3107 1042 3178 contigit

318 3202 358 3259 Et
381 3221 398 3260 a
422 3204 476 3261 deo
501 3209 546 3260 est
569 3204 723 3260 commissa
745 3203 924 3274 procuratio.

316 3298 392 3354 Aras
415 3299 471 3354 11112
496 3298 608 3366 2220122,
634 3296 779 3354 sacrificia
801 3295 889 3352 facite

315 3391 490 3464 Templaque
514 3393 544 3449 10
566 3392 681 3448 illorum
704 3395 874 3448 consecrate
898 3391 1023 3458 nominc,

242 3505 300 3546 0220
316 3486 434 3544 Statuas
458 3487 572 3544 illorum
595 3487 705 3543 honore
730 3484 847 3542 adficlte
872 3490 902 3542 22
924 3485 1074 3555 imagines

315 3582 512 3640 Attentiorem
536 3581 626 3638 vestri
650 3598 705 3652 000
730 3596 829 3636 curam
852 3585 965 3648 perant,

310 3677 388 3747 Quos
412 3683 471 3734 tam
495 3680 653 3747 occupatos
677 3675 706 3730 10
730 3675 840 3730 1200022
864 3691 916 3729 200
941 3672 1093 3729 senserint.
