2824 4188
257 265 297 322 ‘28
467 273 680 332 unoeaoauvs,
703 273 908 320 5555555555.
934 261 956 331 l,
982 261 1009 317 3.

257 471 299 513 555
315 451 442 525 Cumque
466 451 544 508 omni
566 451 713 508 hominum
736 467 831 507 sensu.
861 447 943 518 Quid
961 444 1056 504 enim?
1079 447 1147 504 Non
1170 446 1230 502 vin-

872 539 985 600 dicem?

313 642 466 700 Dimittam
489 641 616 698 tunicam
640 643 670 697 51
691 635 829 711 pallium?
853 638 968 695 Morem
990 653 1090 708 geram

315 737 364 798 nd
383 736 461 793 mille
483 751 586 806 passus
610 730 759 805 adigenti'?
783 732 953 800 Percussus,
976 736 1009 788 ut

314 831 466 890 Percntiar
488 828 620 900 amplius,
644 825 756 884 sinam?
779 826 912 898 Denique
936 821 1088 882 omnibus?

313 925 415 998 Egone
438 924 570 981 inimicos
594 919 732 994 diligam?
759 922 820 978 Ant
841 918 1023 978 benefaciam

257 1039 300 1082 555
315 1015 507 1077 Odientihns‘?
531 1018 593 1074 Aut
615 1033 695 1074 orem
717 1033 770 1088 pro
794 1014 1035 1087 persequentibus

315 1108 620 1172 Calumniantibusve‘?
645 1110 715 1180 Quis
737 1127 863 1182 unquam
885 1109 957 1166 taba
1007 1161 1011 1166 .

314 1209 367 1266 Vir
385 1208 512 1281 prudens
528 1202 658 1263 faceret?
682 1205 758 1274 Quid
774 1205 892 1262 tandem
908 1209 961 1274 551,
987 1204 1064 1275 quod
1079 1204 1232 1276 praedicat

314 1304 423 1361 Beatos
446 1317 589 1374 pauperes
613 1317 741 1373 opesque
763 1317 901 1371 spernere

314 1397 355 1455 m
377 1397 535 1470 dignitates
557 1394 734 1467 posthabere
756 1391 921 1466 praecipit?

257 1493 397 1554 55511555
419 1495 516 1549 mente
540 1490 618 1562 capti
640 1495 790 1548 sectentur
811 1489 932 1562 vilisque
954 1489 1045 1561 plebs,

315 1587 474 1660 Egregium
496 1601 569 1658 quae
592 1585 633 1642 nil
659 1589 710 1642 aut
733 1585 878 1642 excelsum
900 1585 1024 1656 cogitat;

314 1683 370 1740 Ast
392 1681 506 1739 ratione
529 1687 559 1738 ot
580 1685 685 1737 natura
708 1696 762 1751 ego
784 1680 935 1751 praeditus
957 1679 1036 1736 bona

315 1775 426 1835 Ducem
449 1792 554 1849 sequar
576 1775 729 1833 rationem.

629 1903 859 1976 Porphyrius.

754 2007 834 2065 Bene
856 2005 938 2076 facis,
962 2012 1055 2078 pater.

317 2101 382 2156 Hoc
405 2107 435 2156 at
456 2101 542 2158 fortis
565 2103 619 2158 tiri
642 2109 689 2159 est
710 2102 848 2159 officium.

618 2227 871 2284 Pammachius.

886 2331 936 2388 Me
959 2331 1130 2392 subtraham

259 2436 302 2478 555
317 2417 363 2476 Ab
386 2419 467 2478 hisce
489 2422 638 2492 perpetuis
660 2423 762 2479 mortis
786 2425 956 2496 terroribus,

318 2511 403 2572 Vitae
426 2515 665 2588 tranquillitatem
688 2535 825 2590 quaeram
848 2521 967 2580 scilicet.

629 2655 858 2729 Porphyrius.

317 2753 374 2814 Sed
398 2773 453 2830 quo
475 2763 562 2829 pecto
586 2760 703 2818 tandem
725 2761 756 2818 id
778 2764 938 2834 poterimus
965 2765 1124 2840 consequi?

259 2859 323 2914 5555]
349 2851 461 2926 Quippe
485 2858 515 2912 et
538 2869 591 2927 ego
614 2871 661 2913 res
685 2857 899 2929 tranquilliores
923 2861 1064 2932 quaerito,

316 2945 393 3016 Quas
417 2947 570 3020 sperabam
594 2967 629 3008 ex
652 2951 841 3010 conversione
865 2952 1009 3012 Caesaris.

617 3080 870 3140 Pammachius.

258 3181 344 3242 55515
367 3183 475 3242 nostris
499 3183 585 3242 rebus
608 3185 759 3258 pulchrum
782 3186 865 3243 dabit
887 3189 1047 3246 exordium.

317 3275 377 3336 Pax
399 3278 477 3336 nulla
500 3283 554 3349 cst,
579 3279 731 3352 Porphyri,
757 3279 903 3338 Christum
927 3284 1114 3353 sectantibus,

317 3371 401 3430 Nullo
423 3371 555 3431 laborum
578 3390 698 3443 mercae,
723 3375 800 3432 nulla
824 3380 869 3432 est
892 3377 1043 3444 securitas,

316 3465 353 3522 Vt
374 3465 437 3538 ipso
460 3467 560 3526 vidore
582 3473 676 3540 potes.
702 3469 797 3538 Quare
821 3470 853 3525 s'r
869 3470 1033 3540 quaerimus

316 3557 373 3617 llos
397 3565 512 3620 nostras
537 3561 667 3620 stabilire
691 3567 721 3620 51
743 3562 838 3634 dignis
864 3562 1024 3619 honoribus

256 3667 299 3714 555
315 3651 393 3724 Frui,
419 3653 566 3714 Christum
590 3673 654 3714 cum
678 3655 811 3714 doctrina
834 3672 886 3712 sua
910 3655 1014 3734 ceteris
