2824 4188
264 869 331 922 [neu]
644 857 856 916 PROLOGVS.

324 1046 399 1116 Quid
422 1044 596 1115 adferamus,
623 1047 647 1103 si
670 1052 756 1104 vacat
780 1063 964 1120 cognoscere,

322 1141 517 1212 SpectatoreS,
542 1142 643 1212 paucis
667 1159 809 1213 exponam
832 1143 953 1214 singula.

321 1234 546 1304 Pammachium,
571 1237 619 1307 qui
642 1235 789 1293 Romanus
814 1241 859 1294 est
882 1237 1044 1308 opiscopus,

275 1347 305 1389 00
319 1329 513 1400 Evangelicae
538 1329 688 1387 doctrinae
713 1331 791 1401 cepit
814 1331 951 1400 taedium,

320 1422 392 1480 Mox
415 1424 535 1480 simulac
558 1423 701 1480 Iulianum
725 1424 848 1481 duxerat
871 1425 909 1482 ad
931 1424 1028 1494 fidem,

321 1518 378 1574 Per
400 1535 485 1590 quem
508 1519 618 1575 cunctis
641 1535 698 1589 pax
722 1535 860 1576 concessa
884 1525 929 1576 cst
952 1520 1092 1577 ecclesiis.

321 1611 523 1668 Pammachius
545 1613 635 1683 igitur
656 1611 774 1669 inflatus
799 1613 936 1684 superbia

322 1706 382 1762 Res
404 1723 523 1777 magnas
547 1706 715 1778 quaeritans
738 1707 933 1778 Porphyrium
955 1713 1057 1765 nactus
1081 1715 1127 1766 est

279 1818 307 1860 00
321 1800 535 1872 Applausorem
558 1801 672 1858 consilii
694 1801 779 1872 lenge
802 1802 930 1872 pessimi,

325 1895 364 1951 Vt
387 1912 417 1952 se
441 1894 567 1952 Satanae
592 1895 709 1963 dedant,
735 1911 752 1951 a
776 1895 892 1952 Christo
917 1896 1042 1953 devient.

324 1989 456 2046 Christus
479 2008 538 2046 non
559 1991 677 2062 ignarus
701 2007 798 2047 rorum
820 1991 943 2047 istarum
966 1993 1092 2049 omnium

323 2085 461 2141 Satanam
483 2085 541 2141 iam
564 2084 641 2141 mille
665 2086 747 2141 annis
771 2085 898 2142 vinctum
921 2086 993 2143 solvi
1016 2086 1097 2144 iubet

322 2179 362 2235 Et
385 2179 546 2235 Veritatem
569 2179 682 2235 interea
704 2184 799 2235 terras
822 2180 960 2252 linquere.

279 2291 307 2333 70
323 2273 447 2330 Satanas
471 2273 583 2329 solutus
607 2279 749 2329 convocat
771 2274 905 2342 vicarios,

321 2368 506 2439 Expiscatnr,
532 2367 601 2438 quid
623 2367 673 2424 illo
697 2368 848 2438 exegerint
871 2368 926 2425 die.

322 2463 439 2519 Interea
463 2479 527 2518 cum
550 2461 713 2533 Porphyrio
738 2461 940 2519 Pammachius
964 2463 1056 2532 adest,

324 2556 454 2614 Sataniei
476 2557 558 2628 regni
580 2556 731 2627 postulans
756 2557 943 2616 consortium.

321 2651 473 2722 Recipitur
494 2652 557 2708 iure
580 2651 703 2707 iurando
728 2651 797 2707 data
818 2649 886 2708 fide.

279 2763 307 2805 75
323 2745 386 2814 Quo
409 2744 488 2802 facto
513 2744 677 2813 Gaesarem,
703 2746 817 2816 quicum
841 2747 988 2802 contentio

322 2841 366 2896 Illi
390 2845 457 2897 ante
480 2839 632 2907 inciderat,
658 2839 727 2896 eicit
750 2856 786 2896 ex
809 2840 941 2906 ecclesia,

322 2935 451 3005 Deponit
474 2934 510 2991 ab
533 2934 664 3005 imperio.
689 2934 762 2990 Tum
786 2932 896 2990 Cacsar
922 2934 1038 3005 angitur

322 3029 517 3086 Vehementer
539 3032 599 3085 tum
623 3027 719 3084 subito
742 3027 931 3099 perturbatus
953 3028 1038 3097 malo,

324 3123 502 3180 Pammachii
525 3123 650 3194 gratiam
672 3123 829 3193 impetrare
854 3122 982 3178 destinat

264 3229 330 3282 [uec]
354 3217 478 3274 Multum
500 3215 665 3288 frustraque
689 3216 876 3273 dissuadente
900 3217 1036 3274 Nestore.

320 3313 401 3381 Adit,
427 3311 589 3368 doctrinam
611 3311 790 3368 Pammachii
813 3311 896 3369 audit
917 3312 1044 3383 impiam,

322 3408 402 3464 Illius
426 3411 456 3463 et
479 3411 628 3463 creaturas
652 3405 732 3462 videt
754 3422 853 3462 novas.

323 3501 508 3570 Restituitur,
534 3500 586 3557 sed
609 3500 689 3556 duris
713 3500 941 3569 condicionibus,

323 3595 394 3653 Cum
417 3595 556 3652 subiectis
580 3595 706 3652 iurasset
729 3593 954 3651 oboedientium.

278 3711 307 3751 aa
323 3691 385 3761 Quo
410 3690 541 3762 digresso
565 3689 689 3746 Satanas
712 3693 833 3745 vocatus
857 3688 983 3758 advenit,
