2824 4196
274 215 313 272 52
477 221 691 283 aaoaaoaavs
714 225 930 271 PanMacfflvS:
946 214 984 285 11,
1010 214 1039 272 2.

690 401 829 459 Dromo.

988 495 1025 554 Se
1048 496 1181 553 maximis

344 590 450 648 Teneri
472 588 591 646 aiebant
613 587 700 646 rebus
724 605 777 646 nee
799 589 890 647 latum
912 589 1017 662 pedem

275 704 330 746 1080
346 684 444 743 Terris
468 683 627 741 abscedere
649 701 737 755 posse
761 684 823 741 sine
845 683 985 756 periculo.

345 777 540 849 Quamobrem
562 793 609 835 me
632 778 670 835 ad
693 783 722 835 te
747 777 931 836 destinarunt
952 779 1093 836 nuntium.

680 887 840 947 Satanae.

345 983 422 1055 Quid
443 983 560 1040 nuntias
584 980 676 1056 ergo?

694 1094 833 1153 Dromo.

684 1188 777 1262 Regni
801 1189 898 1246 omnia
920 1187 1029 1248 habent
1049 1187 1133 1258 bene,

348 1273 413 1332 Nisi
434 1307 477 1316 -
886 1275 888 1278 ’

682 1374 842 1432 Satanas.

447 1466 532 1528 Nisi?
556 1467 633 1538 Quid
655 1469 726 1526 illud
749 1466 814 1527 est?

696 1580 835 1638 Dromo.
860 1592 862 1597 ’

747 1673 832 1743 Quod
855 1674 972 1746 quidam
994 1673 1148 1746 episcopus

348 1771 374 1824 A
397 1767 479 1840 regni
503 1767 646 1825 societate
669 1767 775 1825 avulsit
797 1767 962 1826 Gaesarem.

682 1877 844 1936 Satanas.

277 1993 332 2034 1085
348 1974 431 2043 Hem,
457 1969 634 2030 Caesarem?
658 1973 698 2030 Et
720 1973 751 2031 id
773 1973 964 2046 neglexerunt
985 1971 1120 2044 vicarii?⁴

697 2084 835 2142 Dromo.

349 2177 412 2248 Quo
434 2182 522 2250 pacto
546 2176 656 2235 laetum
679 2179 726 2248 sit,
750 2180 863 2252 nesai03
887 2196 946 2236 non
968 2177 1057 2237 adini.

346 2271 392 2330 Ex
414 2272 485 2344 ipsis
508 2271 611 2329 melius
635 2273 745 2330 audies.

684 2374 845 2435 Satanas

774 2471 845 2528 Mox
868 2471 958 2543 igitur
979 2471 1036 2528 hue

351 2561 399 2619 Ad
421 2579 467 2620 me
489 2562 555 2621 illos
579 2564 722 2621 convoca!
746 2563 821 2634 Quid
846 2562 926 2623 stas?
950 2564 1024 2624 Vola
1047 2565 1142 2623 ocius!

351 2657 375 2714 0
398 2655 560 2728 perfidiam,
586 2658 752 2716 socordiam
775 2665 805 2716 et
828 2659 1027 2716 oscitantiam!

195 2751 213 2790 '·
280 2770 335 2812 1090
350 2751 417 2808 Non
440 2756 552 2820 curant,
576 2768 635 2809 non
657 2753 807 2822 resistunt,
834 2771 893 2811 non
914 2771 968 2826 pro
990 2753 1101 2811 viribus

350 2845 481 2903 Absente
504 2863 550 2903 me
573 2847 655 2918 regni
679 2852 809 2906 tractant
831 2849 958 2921 negotia.

393 2940 481 2997 Haud
503 2940 649 2998 modicum
671 2959 761 3013 regno
784 2959 849 3000 meo
872 2943 973 3000 nocuit
996 2943 1164 3013 eaptivitas:

351 3033 418 3092 Non
439 3034 523 3105 potui
547 3036 678 3106 captivus
702 3041 747 3093 tot
769 3053 823 3110 par
845 3053 910 3094 esse
932 3037 1056 3110 papalia,

353 3128 529 3185 Praesertim
552 3146 628 3187 nova
651 3147 715 3187 eum
739 3129 848 3188 Christi
873 3133 970 3204 coepit
993 3147 1125 3188 creseere
1153 3143 1156 3148 ’

280 3233 346 3286 [nm]
372 3221 470 3278 Fides.
495 3222 558 3279 Iam
586 3225 765 3295 oportuisSet
789 3243 852 3283 esse
876 3227 906 3282 in
928 3225 1038 3295 Africa,

352 3316 436 3373 Nunc
458 3315 488 3372 in
510 3317 591 3386 Asia,
616 3318 674 3374 iam
696 3319 727 3375 in
749 3319 877 3393 Europa.
894 3320 976 3378 ¹Sunt
999 3337 1097 3392 regna,
1122 3324 1188 3376 sunt

353 3411 388 3467 In
410 3410 488 3467 omni
511 3427 601 3482 regno
626 3413 759 3470 civitates
782 3415 932 3485 plurimae,

353 3504 431 3574 Quas
454 3503 575 3563 visitare
599 3507 720 3564 cottidie
744 3524 802 3565 non
824 3510 908 3566 unius

355 3599 407 3655 Vel
430 3599 644 3670 vigilantissimi
667 3606 713 3658 est
735 3601 827 3660 labor.
853 3603 949 3673 Quare
973 3604 1061 3661 duces
