2824 4196
382 255 896 325 0000000000,000000010011,
923 256 950 312 3.
1092 258 1149 316 137

252 443 332 513 Quae
357 442 490 501 Caesaris
515 447 580 500 suut
602 443 714 499 iussisti
738 459 837 500 omues
860 443 992 512 reddere,

181 550 250 602 [0040]
281 538 378 610 Vsque
402 538 476 595 adeo
499 541 589 606 curat,
614 542 647 593 ut
668 537 791 608 pedibus
814 537 893 594 illum
915 543 1038 608 premat,

252 631 375 688 Tributa
397 637 427 689 et
449 631 590 689 honorem
611 636 699 702 nogat
721 634 751 687 et
773 630 998 688 oboedientiam.

254 727 312 782 Res
337 725 471 783 Caesaris
493 727 556 796 ipse
579 724 676 794 habet,
698 724 739 782 nil
761 725 841 782 aliud
864 723 983 782 Caesari

182 838 240 880 0005
254 820 383 892 Reliquit
404 820 500 876 iurato
524 835 609 890 quam
631 835 736 876 nomen
760 818 903 876 Caesaris

255 913 337 971 Haec
361 931 424 970 cum
446 913 560 970 videret
582 918 612 970 et
634 913 749 970 audiret
772 913 936 979 Parrhesia‚

255 1008 376 1078 Indigne
399 1008 473 1077 tulit,
497 1012 531 1064 ut
553 1007 636 1075 solet,
662 1012 691 1063 et
713 1005 802 1064 verba
825 1007 873 1063 vix
896 1008 953 1064 tria

257 1101 366 1158 Contra
388 1101 486 1159 locuta
508 1101 678 1158 tuberosum
700 1099 758 1157 fert
782 1106 876 1172 caput,

258 1194 377 1253 Carnam
400 1196 535 1264 evulsam,
560 1212 592 1251 os
616 1200 767 1252 contusum
791 1200 821 1252 et
843 1194 964 1251 oblitum
986 1196 1056 1253 luto.

183 1307 240 1349 0000
255 1289 318 1346 Nec
341 1290 385 1346 his
409 1290 538 1347 contenti
560 1291 641 1360 ignes
664 1289 810 1345 minantur
832 1289 951 1360 insuper

256 1383 305 1452 Et,
329 1389 362 1440 ut
384 1383 463 1454 libet,
488 1384 644 1440 haereseos
669 1383 770 1454 cuique
794 1381 963 1439 adscribunt
987 1383 1089 1452 dicam,

255 1475 294 1532 Vt
317 1478 394 1534 nulla
417 1493 462 1534 mo
486 1493 552 1548 spes
575 1475 683 1533 habeat
705 1477 828 1548 posthac
851 1477 1015 1534 hominibus

258 1571 377 1628 Placere
399 1588 495 1642 posse,
519 1576 552 1628 ut
574 1587 619 1627 me
643 1571 784 1627 reducant
806 1571 942 1628 exsulem.

256 1665 375 1737 Ergone
396 1671 538 1737 perpetuo
561 1665 632 1722 mihi
656 1665 844 1721 exsulandum
868 1662 943 1721 erit?

187 1759 306 1818 nostrin
328 1761 370 1816 ita
391 1761 543 1832 pulchrum
566 1766 611 1816 est
634 1760 771 1816 Satanam
795 1760 988 1830 oppressisse,
1014 1776 1086 1832 quae
1110 1760 1160 1817 diu

259 1854 410 1926 Multoque
432 1854 532 1912 labore
556 1855 598 1910 tui
623 1855 747 1911 docuere
771 1851 919 1924 apostoli?

259 1949 319 2006 Aut
341 1949 383 2004 vis
406 1953 500 2006 totum
522 1949 659 2006 mundum
682 1948 805 2019 perdere
828 1946 1007 2005 mendaciis?

261 2041 347 2099 Certe
370 2045 431 2100 scio
455 2044 566 2114 aliquos
590 2059 741 2114 superesse
765 2048 840 2111 0000,
864 2043 894 2098 in
917 2042 1018 2114 quibus

260 2137 394 2195 Iustitiae
417 2138 605 2208 veritatisque
628 2137 739 2204 residet
761 2153 843 2193 amor
866 2142 895 2193 et

190 2248 247 2291 0000
263 2231 367 2288 Adbuc
388 2230 519 2303 perfecto
543 2231 581 2287 ad
603 2236 632 2288 te
656 2231 803 2302 suspirant
824 2235 953 2302 pectore.

262 2325 380 2382 Illorum
403 2331 433 2382 te
455 2326 634 2394 miserescat,
659 2324 788 2382 Christe!
812 2325 859 2381 An
881 2325 985 2396 impios

261 2420 302 2476 Et
324 2420 379 2477 hoc
401 2437 487 2492 posse
512 2420 596 2488 sinuo,
621 2425 734 2476 utnon
757 2419 878 2476 exitium
901 2418 957 2475 sibi

263 2514 428 2586 Operentur
451 2514 528 2583 solis,
554 2513 606 2570 sed
629 2514 714 2570 simul
737 2515 825 2570 etiarn
847 2514 911 2584 pios

262 2607 410 2667 Perdant?
435 2608 574 2666 Servator
597 2608 717 2664 diceris:
742 2625 827 2664 serva
850 2613 925 2676 tuos,

191 2721 247 2763 3075
264 2702 342 2772 Quos
365 2702 420 2760 tibi
443 2702 524 2759 dedit
546 2707 639 2773 pater,
664 2701 713 2773 qui
736 2700 858 2758 credunt
882 2701 1021 2772 sanguine

192 2808 258 2860 [ura]
295 2797 365 2854 Sese
388 2803 438 2854 tuo
461 2797 629 2868 redemptos
653 2801 683 2853 00
704 2794 812 2852 fiducia

263 2892 369 2949 Mortis
393 2897 460 2948 tuae
484 2891 610 2948 Satanae
633 2890 778 2962 promissa
800 2885 975 2960 neglegunt?

264 2985 324 3042 Illis
347 3002 394 3042 me
416 2987 508 3054 mitte,
533 2985 575 3041 illi
599 2985 758 3056 suscipient
781 2989 811 3041 et
833 2983 929 3040 locum

263 3079 391 3150 Dabunt,
415 3097 451 3137 ne
474 3081 504 3136 in
526 3079 647 3138 horrida
660 3079 724 3137 hac
746 3095 864 3150 peream
888 3077 1053 3134 solitudine.

595 3215 771 3283 Christus,

193 3338 250 3380 0000
265 3320 383 3377 Auditis
405 3337 490 3389 nunc,
515 3321 577 3392 quis
601 3321 639 3376 sit
662 3335 759 3376 rerum
782 3319 812 3374 in
834 3317 941 3375 mundo
965 3314 1078 3392 status?

613 3455 753 3512 Paulus.

267 3561 366 3630 Totus,
391 3560 538 3632 magister,
564 3559 739 3616 exhorresco
763 3558 838 3614 hanc
862 3557 983 3614 audiens

266 3653 483 3712 Narrationom.
