2824 4196
260 240 318 300 142
459 250 899 312 usceuoncvs,rnuuucn1vs.
922 242 972 312 IV,
996 243 1025 299 4.

253 447 311 490 arse
326 428 402 498 Quid
415 425 530 485 dicam?
542 427 660 485 Vomitu
673 445 771 485 omnes
780 445 897 486 mensae
910 428 1229 502 etscamnaperflunnt.

327 523 424 581 Hasce
447 522 519 580 tuba
541 523 589 580 vix
612 524 803 581 resuscitaret
825 524 935 581 ultima.

326 617 350 675 0
374 617 491 687 Seiana,
514 633 574 674 non
596 614 700 674 audis?
723 617 821 676 Etiam
844 623 876 674 tu
898 623 1022 676 stertere

326 707 483 772 Didicisti?

661 821 819 881 Satanas.

473 916 556 986 Hem,
581 917 644 989 quis
667 914 773 975 vocat?
797 917 873 987 Quid
898 919 1014 989 clamas,
1037 917 1183 990 pessime?

671 1027 810 1086 Dromo.

328 1123 404 1193 Quid
427 1139 481 1195 ego
505 1119 644 1179 clamem?
666 1121 809 1180 Dormitis
832 1123 862 1180 in
885 1123 1051 1182 discrimine

253 1237 310 1280 3185
325 1214 440 1275 Tanto?

662 1325 821 1384 Satanas.

408 1411 484 1482 Quid
505 1409 628 1469 narras?

671 1522 810 1580 Dromo.

612 1615 680 1686 Hui,
704 1616 819 1686 bellum,
845 1617 940 1674 arma!
964 1615 1094 1690 Surgite!
1133 1679 1136 1684 ,

623 1726 857 1799 Porphyrius.

325 1822 358 1892 Ο,
382 1822 431 1879 vix
452 1839 571 1893 possum
594 1822 708 1893 aperire
732 1822 840 1879 oculos,

613 1932 867 1990 Pammachius.

816 2026 886 2097 Quis
910 2026 1083 2085 clamoribus

324 2123 350 2179 E
373 2127 433 2179 tam
457 2121 534 2178 dulci
556 2137 662 2178 somno·
681 2117 810 2178 excitat?

659 2232 820 2290 Satanas,

786 2326 862 2396 Quid
885 2331 930 2384 est
952 2323 1015 2384 rei?

616 2436 866 2495 Pammachius.

326 2531 410 2602 Hem,
433 2530 554 2601 Dromo,
578 2527 755 2587 reverteris?
783 2530 859 2600 Quid
881 2528 966 2589 fers?
990 2531 1066 2601 Quid
1087 2529 1227 2589 nuntias?

668 2638 807 2697 Dromo.

324 2737 432 2794 Rerum
454 2736 512 2792 iem
535 2739 614 2792 certe
638 2751 701 2790 sum
723 2735 864 2790 malarum
886 2735 1012 2791 nuntius.
1095 2749 1103 2764 ·

659 2843 820 2901 Satanas,

251 2951 308 2992 erm
322 2931 422 3000 Ludis,
445 2930 565 2988 Dr0m0.

667 3031 806 3090 Dromo.

557 3125 660 3197 Egone
683 3126 814 3183 luderem
836 3126 866 3181 in
888 3142 921 3183 re
944 3123 1041 3184 seria?

323 3220 407 3290 Quod
430 3219 489 3277 vidi
512 3225 542 3277 et
564 3219 671 3289 audivi,
694 3219 777 3276 vobis
801 3217 934 3277 referam.

609 3329 863 3387 Pammachius.

914 3424 1004 3482 Bene.

666 3525 804 3584 Dromo.

323 3622 539 3681 Consurrexere
562 3621 662 3678 hostes
685 3621 716 3676 in
738 3637 788 3677 vos
812 3619 973 3676 fortissimi.
