2824 4188
268 286 306 342 22
476 296 692 356 uxosnoaevs
712 297 919 344 simulemus.
944 285 967 355 I,
992 285 1020 342 2.

663 473 835 530 Iulianus.

320 567 447 626 Proinde
469 567 590 624 multum
612 584 732 639 prorsus
755 567 894 625 debemus
918 567 973 625 deo
1029 613 1030 616 ,

320 662 449 734 Eiusque
471 663 612 719 ministris
631 667 666 734 ¹et
687 661 757 718 fidei
781 662 960 732 doctoribus

319 757 376 814 Per
398 773 469 830 quos
492 757 570 814 velut
593 774 608 814 e
633 756 771 828 sepulcris
795 757 912 814 tandem
940 758 1117 814 emersimus.

263 869 306 912 aro
322 851 398 921 Quid
421 848 543 910 censes?

677 963 819 1020 Nestor.

569 1057 652 1116 Haeo
674 1074 747 1126 mea,
773 1056 890 1125 Caesar,
916 1060 961 1113 est
983 1057 1137 1113 sententia.
1200 1119 1205 1129 ,

320 1152 384 1210 Deo
408 1153 531 1225 quidem,
557 1153 651 1210 donec
673 1151 726 1208 hos
751 1156 831 1208 artus
856 1151 975 1222 spiritus

319 1247 449 1316 Rexerit‚
473 1247 604 1319 agendae
626 1249 725 1318 grates
749 1250 814 1302 sunt
841 1262 926 1316 quam
948 1245 1101 1316 maximae,

318 1341 498 1414 Tantumque
522 1341 629 1398 donum
651 1345 793 1412 perpetuo
816 1341 846 1396 in
869 1341 964 1396 animo
987 1339 1118 1397 haereat.

320 1436 413 1494 Porro
436 1437 576 1493 ministris
600 1440 629 1493 et
651 1434 721 1492 fidei
744 1433 922 1504 doctoribus,

264 1549 306 1592 ars
322 1531 396 1600 Quia
417 1530 569 1588 nobiscum
591 1531 691 1587 vivunt
713 1534 743 1587 et
765 1529 863 1586 multis
886 1528 1025 1600 indigent,

323 1625 395 1682 Cum
416 1625 628 1696 postulaverint
650 1624 807 1696 tuleritque
831 1623 954 1692 occasio,

266 1731 331 1783 [aaa]
354 1720 454 1777 Factis
476 1713 622 1777 referatur
643 1718 739 1790 gratia
761 1717 938 1786 liberalibus

320 1815 374 1885 Ne,
400 1815 519 1887 spiritus
542 1830 607 1870 cum
628 1812 713 1870 nobis
737 1812 847 1868 semina
870 1811 1005 1881 severint,

322 1909 383 1980 Ipsi
405 1908 513 1966 nostris
536 1925 595 1965 non
617 1907 765 1980 gaudeant
787 1905 960 1963 carnalibus

632 1999 637 2025 Ι
666 2028 835 2086 Iulianus,

265 2141 308 2184 aso
323 2123 424 2181 Placet
447 2123 564 2180 dictum.
588 2123 664 2181 Nam
687 2140 751 2180 cum
775 2123 846 2179 alias
869 2121 954 2191 mala,
978 2125 1039 2178 tum
1061 2121 1186 2178 maxime

323 2218 357 2273 In
380 2217 520 2275 doctrinis
543 2217 723 2288 ingratitudo
746 2217 873 2288 pessima
896 2221 949 2272 est.

322 2312 399 2369 Num
421 2328 500 2384 ergo,
526 2311 602 2383 quod
624 2311 705 2380 iussi,
731 2310 850 2382 singulis
873 2310 1029 2381 provinciis

322 2406 363 2463 Et
386 2422 485 2464 earum
509 2405 630 2462 ducibus
655 2405 765 2461 cunctis
789 2409 819 2461 et
841 2403 1004 2461 rectoribus

323 2500 391 2558 Meo
416 2500 558 2571 scripsisti
580 2499 694 2556 litteras
718 2517 754 2556 ex
776 2499 901 2566 nomine,

264 2613 306 2655 aas
321 2595 361 2651 Vt
384 2593 556 2652 Christianis
580 2595 619 2651 sit
639 2611 697 2666 pax
721 2598 750 2650 et
777 2593 918 2650 securitas
950 2594 967 2608 '

322 2688 495 2762 Possintque
518 2694 675 2748 conventus
699 2705 785 2761 agere
808 2689 838 2744 in
861 2688 992 2745 ecclesiis

321 2784 361 2841 Et
384 2783 492 2857 absque
516 2785 593 2842 ormi
616 2784 720 2840 timore
744 2799 796 2840 sua
818 2787 946 2840 tractent
969 2777 1073 2839 sacra?

679 2903 824 2960 Nestor.

325 2999 448 3056 Factum
471 3003 524 3068 est,
549 3004 579 3056 et
601 2999 658 3056 iam
682 2998 790 3054 dudum
813 2997 927 3054 redicre
950 2996 1052 3052 nuntii.

668 3119 838 3176 Iulianus.

323 3214 459 3271 Etiamne
482 3214 548 3270 illae
572 3219 639 3270 sunt
661 3213 815 3284 expeditae
837 3212 963 3280 litterae,

265 3326 308 3370 aso
324 3308 362 3364 Vt
385 3309 498 3366 exsules
522 3325 606 3380 qnam
629 3308 752 3379 primum
775 3306 898 3363 redeant
920 3305 949 3362 in
973 3322 1025 3362 sua

324 3403 366 3460 Et
389 3403 518 3460 damnati
542 3402 579 3459 ad
602 3402 719 3458 metalla
740 3400 826 3458 liberi
849 3405 954 3457 exeant

325 3498 366 3555 Et
388 3499 413 3555 si
435 3497 504 3569 quid
527 3497 583 3553 illis
607 3496 735 3553 ablatum
758 3500 811 3563 est,
836 3495 881 3552 vel
902 3495 1004 3552 vineae

324 3593 378 3650 Vel
402 3593 464 3666 agri
487 3593 532 3651 vel
555 3592 657 3649 domus
680 3591 726 3646 vel
747 3605 863 3660 pecora,
887 3588 1010 3660 publicis

325 3688 462 3746 Protinus
485 3689 515 3746 id
539 3703 623 3745 omne
646 3685 818 3742 restituatur
841 3679 1023 3754 sumptibus?

1326 3763 1361 4152 l
