2824 4188
253 158 273 212 4

293 341 456 400 dicionibus
489 345 518 398 et
546 341 668 412 imperio
696 345 748 398 aut
776 357 826 398 eos
853 340 968 397 iniustis
998 343 1228 400 exeommunica-

290 437 418 495 tionibus
443 436 591 493 concitant
607 435 644 492 ad
661 453 749 504 arma,
776 439 808 491 ut
831 435 926 493 alieno
951 435 1055 493 damno
1079 453 1161 494 snam
1176 454 1227 508 po-

293 533 414 590 tentiam
431 535 556 602 augeant
572 533 602 586 et
618 529 796 599 confirment,
821 530 897 586 siout
913 529 1071 602 Gregorius
1088 531 1228 603 septimus

295 627 383 684 etiam
415 624 506 682 filium
535 641 598 680 cum
624 629 708 695 patre
737 625 894 693 commisit,
928 625 1097 682 Alexander
1123 626 1228 683 tertius

259 741 277 782 s
293 719 797 792 praestantissimumimperatorem
813 723 842 776 et
858 719 1033 776 cumulatum
1049 721 1127 777 omni
1141 721 1227 778 laude

292 814 476 872 heroicarum
515 813 654 869 virtutum
691 813 880 870 Fredericum
921 813 1046 884 primum
1087 815 1229 886 implicuit

295 907 485 967 atrocissimis
508 906 592 964 bellis
617 924 737 979 eumque
760 907 886 978 indignis
910 907 1092 964 contumeliis
1109 907 1226 966 adfecit.

298 1003 369 1060 Cum
393 1003 469 1059 enirn
492 1001 618 1073 optimus
641 1001 802 1073 imperator
823 1001 957 1073 publicae
979 1003 1060 1074 pacis
1084 1019 1172 1059 causa
1198 1021 1230 1060 se

296 1098 333 1155 ad
355 1096 445 1168 pedes
468 1094 615 1167 pontificis
632 1095 797 1165 abiecisset,
821 1100 854 1152 ut
875 1099 990 1168 peteret
1005 1096 1229 1168 absolutionem,

253 1211 280 1252 ro
295 1190 427 1264 pontifex
455 1190 516 1246 eius
546 1190 651 1247 cervici
673 1190 778 1261 pedem
801 1190 939 1260 imposuit
962 1194 992 1248 et
1018 1195 1051 1246 ut
1074 1196 1231 1262 augeretur

296 1287 339 1343 rei
372 1285 540 1356 indignitas
574 1284 729 1340 acclamari
763 1283 886 1355 superbe
919 1285 1005 1341 iussit
1042 1302 1156 1342 versum
1194 1303 1230 1342 ex

295 1381 420 1452 psalmo:
452 1377 555 1450 ‘Super
589 1379 719 1450 aspidem
752 1383 782 1435 et
807 1378 974 1437 basiliscum
1005 1379 1166 1436 ambulabis
1201 1385 1231 1436 et

297 1473 479 1532 conculcabis
495 1473 609 1530 leonem
625 1477 654 1529 et
670 1471 845 1542 draconem’,
874 1489 938 1530 cum
954 1473 1070 1545 quidem
1086 1475 1230 1545 scriptura

295 1568 472 1640 praecipiat,
507 1571 540 1623 ut
567 1568 768 1638 magistratum
797 1567 978 1624 sanctissime
1006 1572 1036 1624 et
1062 1573 1231 1626 reverenter

255 1683 282 1724 15
299 1663 435 1720 colamus.
461 1661 509 1718 Sic
533 1661 609 1718 enim
632 1661 687 1718 ait:
714 1660 852 1732 ‘Principi
874 1663 974 1733 populi
997 1663 1039 1718 tui
1062 1679 1121 1719 non
1147 1663 1233 1720 male·

296 1756 400 1815 dicasl’
424 1756 556 1828 Denique
579 1771 615 1812 ne
638 1755 735 1826 plures
760 1772 994 1826 commemorem,
1024 1758 1139 1814 nostris·
1161 1763 1231 1813 tem·

297 1852 416 1924 poribus
440 1851 529 1908 lulius
553 1851 697 1907 secundus
721 1850 780 1906 suis
801 1849 913 1907 technis
937 1855 1030 1908 totum
1053 1851 1114 1909 fere
1131 1850 1231 1908 orbem

297 1953 442 2003 terrarum
463 1945 547 2012 bellis
571 1945 754 2002 accenderat.
780 1945 839 2016 Ipsi
862 1944 1016 2017 pontifices
1040 1947 1116 2004 inter
1145 1964 1175 2002 se
1203 1951 1232 2002 et

299 2041 386 2097 armis
421 2045 451 2096 et
484 2039 660 2096 saevissimis
693 2040 768 2096 odiis
797 2039 832 2096 de
859 2040 1024 2110 principatu
1052 2045 1230 2097 concertant.
1287 2035 1291 2043 “

254 2154 282 2194 ao
297 2135 398 2205 Neque
422 2150 490 2190 vero
515 2149 586 2204 opus
611 2138 662 2200 est,
687 2138 720 2188 ut
741 2131 872 2204 pluribus
897 2134 1035 2204 exemplis
1059 2151 1095 2190 ex
1110 2135 1234 2192 historia

299 2228 404 2285 adlatis
427 2227 515 2284 iidem
538 2227 622 2282 huius
646 2227 689 2283 rei
711 2226 829 2283 faciam:
857 2243 945 2282 uuum
972 2227 1028 2283 hoc
1055 2244 1108 2298 pro
1136 2230 1233 2286 multis

301 2323 371 2379 satis
396 2320 571 2389 declarabit,
597 2327 704 2392 quanta
726 2321 907 2377 immanitate
931 2324 960 2377 et
982 2319 1064 2377 rabie
1088 2321 1123 2378 de
1147 2323 1236 2380 hono·

257 2428 325 2480 [xro]
346 2416 426 2472 ribus
444 2420 474 2472 et
497 2415 600 2487 opibus
617 2415 730 2472 soleant
751 2415 935 2472 contendere.
950 2409 953 2494 l
967 2413 1038 2471 Cum
1054 2416 1233 2485 temporibus

299 2511 441 2582 Arnolphi
453 2510 639 2582 imperatoris
656 2515 740 2566 atrox
753 2510 878 2567 schisma
892 2508 996 2566 fuisset
1013 2514 1145 2566 coortum
1157 2511 1234 2568 iuter

254 2625 283 2666 25
299 2605 432 2676 Sergium
452 2610 481 2662 et
496 2604 678 2674 Formosum,
701 2604 802 2676 Sergio
823 2605 906 2675 pulso
923 2604 1081 2661 Formosus
1105 2605 1233 2676 adripuit

299 2697 513 2771 pontificatum3
543 2704 646 2770 postea
669 2704 783 2756 mortuo
807 2699 949 2755 Formoso
974 2698 1090 2769 Sergius
1118 2701 1233 2756 rediens

301 2795 422 2852 Romam
444 2794 563 2850 immani
579 2793 738 2865 cupiditate
754 2793 899 2850 vindictae
916 2792 1109 2850 inflammatus
1134 2795 1234 2852 eti'odit

301 2888 426 2945 cadaver
448 2889 596 2957 Formosi,
622 2888 699 2960 quod
723 2888 921 2945 crudelissime
945 2893 1101 2944 tractatum
1131 2895 1234 2960 postea

301 2983 447 3039 truncavit
475 2981 570 3054 capite
597 2988 627 3040 et
653 2983 683 3038 in
706 2982 834 3039 Tiberim
856 2982 1068 3053 praecipitavit.
1098 2983 1139 3039 At
1167 2983 1233 3039 huie

257 3097 288 3138 ao
303 3077 410 3134 similes
427 3077 509 3133 multi
535 3077 585 3146 alii
608 3077 725 3134 fuerunt
744 3094 802 3134 non
819 3077 911 3133 solum
926 3075 1053 3148 flagitiis,
1079 3078 1130 3134 sed
1147 3079 1234 3133 etiam

301 3173 409 3244 ingenii
432 3177 598 3229 monstrosa
621 3172 761 3229 tarditate
784 3173 912 3244 insignes
936 3177 965 3229 et
987 3173 1065 3230 nulla
1092 3173 1234 3229 bonarum

302 3285 399 3324 rerum
428 3267 593 3338 cognitione
621 3267 768 3335 instructi,
799 3267 890 3338 qualis
919 3267 965 3324 hic
994 3272 1091 3324 tamen
1118 3266 1235 3336 Sergius

302 3362 331 3418 in
353 3361 454 3433 primis
477 3361 567 3418 fuisse
595 3361 778 3432 perhibetur,
808 3367 840 3417 ut
867 3361 1003 3418 videlicet
1031 3365 1108 3418 esset
1135 3355 1236 3435 πηλὸς

301 3458 413 3532 clpam
437 3453 646 3534 πεφυρμένος,
671 3456 747 3528 quod
763 3456 864 3512 rhetor·
887 3457 955 3513 olim
979 3457 1014 3513 de
1030 3455 1148 3512 Tiberio
1165 3455 1234 3510 tae-

259 3570 288 3611 as
303 3569 368 3608 sare
392 3551 501 3608 dixisse
524 3549 625 3622 fertur,
651 3568 715 3607 cum
731 3551 986 3608 animadvertisset
1008 3551 1037 3605 in
1062 3550 1123 3606 eius
1140 3555 1234 3604 triente

1386 3622 1392 3794 l
