2824 4196
254 240 313 296 104
451 249 664 308 NAOGEORGVS,
685 251 889 295 esuriemve.
915 239 968 308 ΙΙΙ,
994 241 1021 296 5.

249 439 319 492 [ula]
344 427 440 496 Quare
464 427 501 484 ad
524 427 661 498 pecunias
685 427 796 483 animos
819 426 977 484 advertite!
1050 432 1055 437 “

320 523 361 579 Et
383 522 423 578 nil
446 521 545 590 refert,
569 538 625 593 quo
648 521 766 578 tandem
789 521 980 592 adquirentur
1002 521 1098 578 modo.

664 633 805 689 Nestor.

322 727 398 797 Quid
419 728 493 784 haec
516 727 569 783 tibi
593 727 690 784 contio
713 727 817 798 placet,
843 725 972 784 Caesar?

652 848 822 904 Iulianus

967 943 1075 1000 Tace!¹

639 1053 838 1110 Parrhesia.

249 1165 307 1208 2320
322 1147 401 1204 Deus
425 1152 454 1204 te
479 1164 542 1203 cum
566 1147 699 1204 doctrina
721 1148 795 1204 istac
817 1148 923 1219 perdat
945 1149 1009 1206 tua!

626 1259 853 1330 Porphyrius.

324 1354 400 1424 Quid
423 1354 534 1426 ganum,
559 1350 681 1410 mulier?
705 1354 769 1410 Nisi
792 1355 928 1423 tacueris
953 1371 1020 1411 mox
1043 1353 1096 1411 tibi

323 1449 364 1506 Et
387 1465 419 1506 os
443 1454 585 1520 caputque
608 1447 733 1505 fustibus
761 1447 916 1504 dolabitur.

610 1560 864 1617 Pammachius

324 1655 382 1713 Cur
404 1657 479 1714 hanc
501 1656 651 1727 loquacem
674 1655 822 1712 adduxisti
845 1654 1050 1724 mulierculam,

323 1751 363 1808 Vt
386 1751 536 1808 contiones
560 1749 736 1806 interturbet
759 1746 903 1820 optimas?

628 1861 856 1933 Porphyrius.

186 1945 187 1949 ἵ
252 1976 310 2018 2323
324 1957 398 2015 Dico
422 1957 485 2026 tibi,
509 1957 620 2025 mulier,
645 1957 669 2012 si
693 1957 814 2027 amplius
838 1960 867 2012 te
891 1955 1029 2013 audivero
1054 1987 1092 1996 -

655 2069 825 2126 Iulianus
877 2091 879 2096 ·
959 2093 961 2099 s

325 2164 432 2233 Audin,
457 2168 489 2220 ut
511 2164 552 2220 nil
575 2164 681 2220 dicitur
703 2163 750 2219 hic
773 2164 835 2219 sine
858 2160 1006 2234 periculo?

625 2275 854 2346 Porphyrius

325 2371 365 2428 Et
387 2371 428 2426 nil
450 2368 548 2438 refert,
573 2369 698 2440 inquam,
723 2386 778 2440 quo
803 2369 993 2440 adquirentur
1016 2369 1112 2425 modo.

328 2465 396 2522 Sine
418 2465 475 2521 illis
499 2465 539 2522 nil
561 2465 694 2520 Romana
715 2468 848 2534 praestat
871 2463 964 2534 euria3

328 2560 408 2618 Solet
432 2560 508 2616 enim
532 2576 568 2615 ex
591 2559 713 2615 aliorum
735 2557 926 2614 incommodis
950 2557 1115 2614 mortalium

254 2674 312 2715 2330
328 2655 395 2724 Sua,
420 2655 497 2726 quod
520 2653 593 2710 bene
617 2658 720 2721 vertat,
746 2669 915 2723 comparare
940 2652 1100 2709 commoda.

670 2765 811 2820 Nestor.

326 2861 420 2918 Deum
443 2860 645 2928 immortalem,
670 2859 738 2931 qnid
764 2854 869 2928 putas?

658 2970 827 3026 lulianus

870 3063 955 3132 Tace,
981 3063 1117 3120 obsecro!

630 3175 858 3246 Porphyrius

330 3273 478 3329 Romanus
501 3275 656 3341 praeterea
678 3271 830 3326 constituit
851 3268 991 3339 pontifex,

326 3367 365 3422 Vt
386 3382 440 3437 pro
463 3369 648 3436 peccatorum
673 3365 758 3420 venia
780 3363 901 3420 Veneris
926 3363 972 3420 die
996 3369 1026 3419 et

326 3461 400 3517 Aliis
425 3459 527 3516 diebus
551 3458 743 3528 quadraginta
766 3464 795 3513 et
817 3457 951 3514 noctibus

254 3574 312 3617 2333
327 3555 368 3612 Et
392 3554 504 3626 singula
527 3569 638 3624 opusque
661 3552 729 3608 anni
751 3557 834 3622 parte
858 3557 887 3608 et
909 3552 1015 3622 vigiliis

330 3649 527 3720 Complurium
550 3645 692 3703 festorum
715 3663 732 3702 a
754 3646 830 3702 lacte
854 3651 882 3701 ct
906 3645 1041 3702 carnibus
