2824 4196
394 256 607 318 0100000000,
629 261 834 309 1000000010.
860 255 913 326 ΙΙΙ,
939 257 966 314 5.
1109 260 1168 318 103

309 433 349 488 Α1
372 433 524 504 inprimis
548 436 674 494 Mariam
697 439 853 498 observare
878 443 991 512 discite,

264 525 318 583 Cui
340 528 380 584 011
402 545 499 586 rerum
521 536 619 601 potest
643 550 750 606 negare
773 534 859 593 filius.

96 621 103 630 '
187 623 387 680 0285100010
411 624 509 681 oculos
534 625 651 698 defigite
676 634 705 685 et
728 629 864 688 fiduciam

265 720 299 776 In
321 737 385 778 eam
409 739 522 780 omnem
546 724 705 794 conlocate,
731 727 823 782 omnis
843 727 965 797 periculi

263 814 338 871 Eam
363 815 468 874 habete
492 835 573 890 spem
595 825 767 892 portumque
791 826 819 877 et
842 838 979 879 ancoram
1002 825 1131 882 sacram!

265 911 309 968 Sit
332 914 391 970 vita
414 919 521 983 vestra,
547 915 585 970 sit
608 914 731 972 dulcedo
755 917 889 984 maxima,

265 1007 309 1064 Sit
332 1009 469 1078 adiutrix,
494 1010 532 1065 sit
555 1009 727 1066 advocatrix
749 1011 843 1079 unica,

186 1120 250 1161 aeae
265 1103 312 1160 Ad
336 1121 400 1160 eam
423 1103 585 1161 Stentoreis
610 1105 788 1162 conclamate
811 1105 940 1175 vocibus,

264 1199 312 1255 Ad
336 1215 399 1255 eam
423 1199 528 1255 devoto
552 1200 696 1270 suspirate
719 1205 848 1270 pectore,

266 1293 300 1349 In
322 1294 398 1350 illius
423 1295 517 1350 sinum
540 1295 651 1351 animas
674 1299 787 1352 vestras
810 1293 932 1364 fundite,

188 1399 261 1451 [nia]
287 1388 359 1446 Cum
382 1389 431 1446 iila
453 1390 642 1460 praecipuum
665 1394 793 1446 vestrum
816 1390 854 1445 sit
876 1391 1039 1462 negotium!

305 1485 369 1541 Hoc
393 1501 505 1557 quoque
527 1485 677 1556 permagni
700 1483 790 1540 refert
814 1485 888 1540 scire
911 1502 970 1542 non
993 1502 1057 1542 eam

185 1599 247 1640 2295
262 1579 352 1636 Divos
375 1580 440 1636 loco
464 1581 494 1636 in
516 1580 616 1652 quovis
640 1579 712 1636 velle
736 1579 806 1636 dare
829 1579 962 1650 gratiam,

263 1677 321 1734 Sed
344 1677 481 1733 virtutem
504 1693 617 1732 omnem
641 1675 728 1732 certis
752 1674 889 1730 addicere
913 1674 994 1743 lucia,

263 1773 302 1828 Iis
325 1771 507 1843 praesertim,
531 1769 686 1842 inquibus
711 1787 778 1826 ossa
800 1769 914 1826 illorum
939 1770 1054 1828 cubant.

262 1867 332 1924 11100
357 1867 444 1923 etiam
468 1883 485 1922 a
507 1866 627 1922 remotis
651 1865 730 1922 orbis
754 1865 885 1936 partibus

262 1963 484 2032 Peregrinatum
506 1962 618 2032 magnis
642 1960 803 2032 sumptibus
828 1961 980 2029 accurrite,

186 2079 247 2121 aeoo
262 2058 474 2116 Remissionem
497 2062 529 2114 ut
551 2057 714 2127 impetretis
739 2056 890 2112 eriminum

261 2153 302 2210 Et
323 2153 434 2224 magnis
459 2151 571 2208 caelum
593 2151 704 2207 meritis
728 2151 815 2208 liceat
838 2150 989 2208 scandere.

304 2249 413 2320 Magna
436 2247 523 2304 etiam
546 2244 762 2303 iustificationis
787 2247 871 2317 copia

262 2343 425 2400 Secundum
448 2342 540 2413 magis
565 2345 594 2398 et
616 2341 709 2398 minus
733 2343 763 2398 in
785 2342 915 2413 pecuniis

262 2438 324 2517 Sita
348 2444 400 2494 est.
426 2437 485 2493 Illis
510 2437 586 2494 enim
609 2443 811 2508 expugnantur
834 2439 943 2495 omnia:

185 2553 245 2595 2305
259 2533 345 2590 Datis
369 2533 491 2589 nummis
515 2549 582 2588 mox
605 2532 780 2589 iustificetur
802 2534 916 2604 impiuS,

258 2627 344 2684 Datis
367 2627 490 2683 nummis
514 2633 672 2698 praecepta
695 2627 800 2683 cedunt
824 2627 929 2695 omnia,

258 2722 344 2779 Datis
368 2722 490 2778 nummis
514 2739 587 2792 quac
610 2722 729 2793 quisque
754 2721 813 2776 vult
835 2719 932 2776 facere
956 2721 1033 2790 licet,

259 2817 345 2873 Datis
369 2818 491 2873 nummis
515 2817 562 2872 dei
585 2817 759 2887 impetratur
781 2816 884 2887 gratia,

257 2911 343 2968 Datis
366 2912 489 2967 nummis
513 2911 617 2968 merita
641 2915 669 2966 et
693 2927 782 2981 opera
805 2915 939 2967 emuntur
961 2909 1047 2979 bona,

184 3023 244 3066 2310
258 3005 344 3062 Datis
368 3005 490 3061 nummis
515 3009 649 3062 emuntur
670 3004 876 3076 indulgentiae,

260 3099 345 3156 Datis
369 3101 491 3156 nummis
515 3100 584 3156 licet
606 3099 715 3156 inferos
739 3099 872 3168 evadere,

258 3194 344 3251 Datis
367 3195 490 3250 nummis
513 3193 587 3264 fugit
610 3194 684 3264 ignis
707 3194 903 3264 purgatorius

258 3289 344 3346 Datis
367 3288 490 3346 nummis
514 3289 664 3344 solvuntur
686 3289 880 3356 matrimonia,

257 3383 342 3440 Datis
366 3383 489 3439 nummis
512 3381 605 3439 frater
628 3383 723 3439 sorori
746 3382 881 3454 iungitur,

182 3496 242 3538 2315
258 3477 342 3534 Datis
366 3478 488 3534 nummis
512 3477 556 3532 ius
581 3481 626 3533 cst
648 3481 784 3548 parentes
809 3477 941 3546 caedere,

258 3571 342 3627 Datis
367 3572 489 3628 nummis
513 3577 647 3627 votorum
671 3571 783 3627 tollitur
804 3570 886 3627 fides.
