2824 4196
255 201 294 258 58
459 211 672 271 5505505005,
694 213 900 258 rnnnncmvs.
925 201 962 269 ΙΙ,
990 201 1017 258 3.

325 389 519 460 Gressumque
541 389 741 460 promovendo
764 388 877 446 tardius
900 405 1003 460 parum

326 483 439 556 Peregi.

661 576 822 634 Satanas.

413 669 508 742 Quid?
537 671 656 740 Malum,
679 672 736 728 hoc
758 672 853 743 ipsum
876 676 929 740 est,
954 671 1031 744 quod
1054 688 1225 744 conqueror,

325 767 384 824 Vos
406 767 531 824 lentulos
555 783 619 824 esse
643 771 728 839 atque
752 765 956 824 tardiusculos.

254 880 310 922 mro
326 861 384 919 Sed
407 861 504 931 effare,
529 861 597 933 quid
621 861 730 933 egeris!

558 1021 560 1028 ,
642 954 840 1014 Stasiades.

768 1049 802 1106 In
824 1048 926 1106 urbem
949 1050 1104 1107 maximam

326 1143 412 1201 Circa
433 1160 539 1202 nonam
563 1144 680 1200 vernens
703 1144 859 1216 populares
883 1161 1020 1201 convoco.

327 1238 431 1308 ‘Quint
455 1239 581 1311 inquam,
608 1243 634 1296 ‘o
658 1239 741 1308 socii,
765 1243 825 1295 tam
847 1255 935 1310 grave
959 1237 1086 1296 suffertis
1109 1234 1227 1310 iugum?

326 1335 372 1390 An
395 1351 454 1390 non
475 1338 612 1405 parentes
635 1351 687 1391 vos
711 1349 837 1405 genuere
859 1330 989 1391 liberos?

327 1428 385 1485 Cur
407 1445 477 1500 ergo
501 1426 637 1485 servitis?
662 1427 721 1485 Gur
744 1424 989 1500 suppeditamini'?

255 1543 310 1584 1245
325 1525 373 1581 An
394 1540 453 1580 non
476 1528 521 1580 est
543 1527 641 1580 vestra
664 1523 776 1592 civitae,
802 1528 832 1580 et
853 1521 973 1580 flumina

326 1619 399 1676 Sunt
421 1624 519 1676 vestra
541 1615 682 1690 viaeque?
707 1617 783 1686 Quid
807 1635 876 1689 ergo
900 1617 1062 1689 vectigalia,

328 1713 447 1783 Census
472 1712 582 1770 tributa
605 1712 830 1784 exactionesque
854 1712 981 1784 spoliant

327 1807 527 1865 Substantiam
549 1807 695 1878 vitamque
717 1803 865 1863 vestram?
889 1806 936 1862 An
959 1807 1015 1863 hoc
1037 1807 1110 1874 leve,

327 1902 350 1960 Ο
375 1903 460 1971 cives,
485 1901 621 1958 libertate
644 1901 754 1972 privari
778 1905 808 1957 55
830 1899 914 1957 bonis

255 2017 311 2059 reso
327 1994 436 2055 Simul?
458 1995 578 2053 Diurnis
602 1995 741 2068 quidquid
764 2012 815 2052 vos
838 1994 987 2052 laboribus

329 2091 547 2163 Sudoribusque
569 2091 719 2162 perpetuis
743 2089 905 2162 adquisitis

327 2186 381 2244 Vel
403 2202 461 2242 una
483 2185 559 2241 istuc
583 2189 755 2241 consumunt
778 2200 850 2240 cena
872 2184 1018 2255 principes

327 2281 575 2352 Magistratusque
598 2279 689 2336 vestri
712 2271 889 2356 δημοβόροι.
914 2277 1035 2336 Interim

327 2376 386 2433 Vos
409 2374 494 2445 longe
518 2373 596 2430 victu
618 2372 715 2429 vivitis
737 2373 910 2430 miserrimo.

258 2489 314 2531 5555
330 2470 422 2542 Copia
444 2469 555 2526 utinam
577 2467 660 2539 panis
684 2467 729 2524 vel
751 2465 910 2524 furfuracei

325 2565 445 2622 Famem
468 2564 599 2635 expleret
621 2566 747 2620 vestram
771 2561 905 2633 sitimque
928 2577 1003 2632 aqua
1024 2560 1146 2634 frigida!

328 2658 503 2716 Cottidianis
527 2657 621 2714 atilli
644 2673 760 2726 semper
782 2653 918 2712 diffluunt

255 2765 321 2820 [555]
343 2753 391 2811 Ad
412 2769 551 2810 nauseam
574 2768 665 2824 nsque
687 2749 885 2822 voluptatibus
908 2766 923 2806 e
947 2750 1052 2806 reculis

327 2848 440 2906 Vestris
464 2846 614 2918 coemptis.
639 2845 724 2902 Licet
747 2849 776 2902 et
799 2849 922 2901 stertere
945 2843 1100 2916 pinguibus

257 2962 314 3004 1500
329 2943 369 3000 Ε5
391 2942 500 3014 pedere
524 2940 635 2997 otiosis
661 2939 758 2996 Satius
781 2938 892 2996 bestias

327 3037 402 3094 Esse
426 3040 511 3107 atque
535 3035 577 3091 sic
600 3035 705 3102 vivere,
730 3039 762 3090 ut
785 3033 887 3104 aliquis
910 3031 1060 3090 laboribus

327 3131 494 3188 Marcescat
515 3129 651 3200 propriis,
677 3128 768 3186 ceteri
791 3127 893 3184 alienis
917 3131 1012 3184 cutem

327 3225 467 3283 Feliciter
490 3228 600 3280 curent.
626 3222 702 3292 Quin
724 3221 843 3278 tandem
866 3221 984 3293 surgitis

326 3319 563 3390 Libertatemque
586 3317 739 3389 pristinam
766 3316 928 3387 capessitiS,

258 3414 353 3475 15050
378 3410 476 3470 cives?
500 3411 556 3468 Vbi
580 3411 675 3468 virilia
697 3415 796 3467 vestra
818 3415 940 3482 pectora

327 3509 510 3580 Paternaque
533 3502 645 3563 virtus?
669 3505 716 3561 An
738 3504 904 3562 libertatem
927 3521 945 3562 a
968 3505 1023 3563 deo

326 3604 433 3660 Datum
457 3619 474 3660 a
496 3599 667 3658 mortalibus
691 3599 754 3658 tolli
776 3597 948 3670 patiemini?
